1151 1988
159 122 219 157 132
356 126 609 151 GLOSSARIUM
636 129 848 153 LIVIANUM.

189 215 195 220 ·
220 184 237 207 fi
250 191 336 215 parum
353 186 455 216 publicis
471 188 601 212 foederibus
617 191 691 220 rupt1s
707 190 811 214 diremta
826 190 898 215 fimul
914 195 938 214 et
954 192 1046 222 privata

185 223 240 246 jura
249 218 294 240 effe
304 223 380 248 putet,
393 226 432 250 25,
447 221 484 243 18.

221 249 424 275 Publilius—loco
435 258 569 283 opportune
578 259 647 284 capto
656 255 782 278 diremerat
792 255 898 279 hostibus
907 255 1045 280 societatem

188 282 272 304 auxilii
285 285 374 311 mutui,
388 285 412 312 8,
427 293 464 314 23.
477 285 493 308 ι’.
505 294 523 309 e.
536 286 645 316 eripuerat
656 287 683 309 iis
691 287 827 318 facultatem
834 288 882 318 sibi
899 288 994 311 invicem
1012 288 1046 311 Ia-

189 313 312 338 borantibus
316 315 468 346 succurrendi.
1036 318 1041 339 ‘¹

220 347 260 376 qui
274 348 295 370 se
308 349 387 371 vidisse
398 355 439 372 aut
451 350 539 373 audiss'e
551 350 608 380 quid
617 350 689 378 dicat,
698 351 762 380 quod
773 351 908 381 auspicium
915 353 1045 381 dirimeret,

154 398 155 401 ,
187 378 241 402 ibid.
253 379 269 402 i.
281 388 299 402 e.
312 380 400 403 irritum
411 381 515 405 redderet.
533 382 592 405 Sane
604 382 676 405 rarius
687 383 777 406 dmum.

155 410 316 440 DlRtPERE,
331 420 370 442 37,
383 421 421 437 21.
433 419 466 442 et,
479 415 565 444 quibus
578 421 632 437 ante
643 415 805 438 abstinuerant
816 415 912 446 templis
930 415 1046 447 signisque

186 452 296 473 ——quum
309 445 424 469 hostiliter
434 447 590 477 diripuissent,
603 451 650 470 etc.
663 447 738 470 theri
744 448 806 477 pff!
813 447 943 478 pleonastice
954 447 1044 472 diflum‘.

187 476 217 506 cf.
239 482 287 506 cap.
310 483 347 506 17.
365 478 403 501 ubi
424 479 452 509 {st
463 487 471 501 :
495 479 609 502 hostiliter
630 479 778 510 depopulari.
806 480 926 509 Similiter,
950 482 986 506 26,
1008 489 1046 511 13.

187 508 270 531 Livius
290 509 349 532 dixit
359 519 366 532 :
394 511 492 534 inimice
513 518 645 542 erumpere.
672 512 794 535 Enimvero
815 513 914 543 diripere
944 513 1044 536 leniorem

185 540 252 563 etiam
259 541 414 573 fignificatum
431 543 503 566 habet.
524 543 646 574 Eleganter
662 552 688 567 v.
709 553 726 566 c.
747 544 835 567 denotat
851 545 938 575 cupide
957 543 1044 569 emeress

185 573 236 596 vid.
247 574 301 597 Iun.
315 574 346 597 ad
354 575 441 598 Sanan.
454 575 504 599 Jul.
520 582 555 604 17.
569 582 589 598 er
603 576 686 599 Oflav.
699 578 738 606 98.

218 612 319 635 pergunt
331 608 361 630 ad
372 609 447 630 castra
458 608 599 638 diripienda,
614 614 654 637 37,
666 615 706 638 43.

154 636 310 666 DIRUERE,
328 647 370 669 42,
391 646 426 669 15.
445 641 528 663 <lextra
546 648 599 671 pars
617 640 671 663 labe
690 646 755 664 terrae
776 641 801 663 in
821 641 972 670 aliquantum
992 641 1044 664 alti-

185 670 275 724 tuginis
295 671 373 694 diruta
390 678 447 695 erat.
467 673 530 695 Forte
552 681 600 695 cum
620 673 709 696 Dukero
725 673 837 703 legendum
854 674 963 704 derupta,
981 682 1043 705 quem

184 710 211 724 'Ul
227 712 244 725 Ζ-

153 734 334 758 DISCEDERE
345 736 373 758 de
386 736 515 767 colloquio,
529 744 568 766 32,
581 744 621 767 40.

217 768 333 791 discedere
344 768 373 791 ab
386 770 468 797 armis,
482 778 506 799 9,
520 777 556 799 14.
567 769 596 800 ‘f-
610 777 650 800 29,
664 777 686 793 2.
698 769 727 792 ab
740 769 818 799 signis,
833 775 871 799 25,
885 777 923 793 20.

216 806 275 822 cum
288 801 377 823 Volscis
388 808 459 831 aequo
472 802 549 824 Marte
561 801 684 824 discessum
696 802 738 829 est,
749 810 772 829 2,
784 809 826 832 40.

217 832 314 855 initium
326 839 375 856 erat
387 834 451 859 rixae,
465 841 542 864 quum
554 834 670 857 discedere
683 834 802 863 populum
818 834 933 862 juffiffent
944 833 1041 859 tribuni,

183 865 247 918 qulod
260 871 336 895 patres
353 866 375 888 se
392 866 526 889 submoveri
538 867 604 889 haud
615 866 733 895 fluebant,
746 873 770 895 3,
785 873 821 889 11.
834 866 874 889 int.
887 866 988 888 tributim
999 866 1043 897 dis-

181 904 204 918 G?
220 906 262 920 ere-

216 929 257 952 ubi
270 930 308 951 hfe
321 929 490 952 sollicitudines
502 930 629 957 discessere,
642 937 667 960 4,
681 936 720 960 52.

215 961 336 985 disceffiffe
353 962 374 985 se
391 970 405 985 a
422 963 612 992 Perseo—quum
630 963 671 985 sub
688 962 779 985 ditione
795 962 867 985 Persei
879 967 903 985 et
920 967 974 985 ante
987 963 1042 985 Phi.

182 993 241 1023 lippi
257 994 359 1020 fuissent,
378 1002 417 1024 43,
436 997 458 1017 6.
476 994 491 1016 ἰ.
511 1004 534 1026 q.
552 994 673 1026 descivisti,
691 993 798 1026 dffecffl-
815 994 842 1018 it.
863 995 894 1017 ab
913 995 954 1017 sua
974 1000 1040 1025 parte

182 1025 238 1048 belli
250 1026 376 1054 discedere,
390 1034 430 1056 37,
444 1028 482 1050 26.

148 1057 355 1084 DJSCEPTARR
369 1065 392 1088 5,
410 1067 432 1088 4.
452 1066 525 1088 quam
543 1059 677 1081 orationem
695 1066 745 1081 non
762 1059 826 1088 apud
843 1065 884 1081 vos
902 1058 988 1085 solum,
1001 1058 1039 1082 sed

183 1091 256 1113 etiam
274 1091 299 1113 in
316 1092 404 1118 castris,
418 1092 433 1114 si
451 1091 574 1116 habeatur,
586 1091 636 1120 ipso
652 1092 758 1113 exercitu
775 1091 930 1120 disceptante,
943 1098 1039 1120 aequam

179 1123 279 1146 arbitror
290 1124 362 1146 videri
376 1124 446 1152 posse.

213 1155 254 1178 ubi
267 1156 330 1185 apud
341 1156 464 1178 consulem
477 1156 537 1178 inter
554 1155 657 1178 Achaeos
674 1155 913 1184 Lacedaemoniosque
925 1155 1039 1184 discepta-

180 1192 233 1210 tum
245 1188 286 1215 est,
299 1188 338 1217 38,
352 1193 390 1217 35.
404 1189 420 1210 i.
437 1196 454 1210 e.
468 1187 589 1217 litigatum.
602 1188 632 1218 ‘f-
646 1188 686 1215 26,
700 1195 740 1217 33.
758 1187 808 1209 Alii
819 1186 893 1217 legunt
911 1187 940 1209 ad
953 1188 1039 1210 consu-

180 1220 230 1243 lem
241 1229 246 1242 z
264 1228 313 1251 quae
326 1225 346 1242 e!
359 1220 487 1251 ipsafhrma
499 1219 600 1242 Liviana
613 1220 649 1250 ss.
665 1220 714 1242 vid.
728 1219 840 1242 Drakenb.
852 1219 882 1241 ad
894 1225 916 1247 7,
931 1225 952 1246 7.

147 1252 372 1280 DlSCEPTATlo,
391 1254 430 1281 38,
451 1260 488 1281 32.
506 1259 596 1282 magna
612 1252 644 1275 ibi
666 1259 716 1274 non
739 1252 877 1281 disceptatio
899 1251 982 1279 modo,
1000 1252 1038 1274 sed

179 1286 252 1308 etiam
262 1285 384 1307 altercatio
396 1285 447 1307 fuit.

212 1324 266 1347 quae
279 1317 398 1346 praesentis
416 1317 591 1347 disceptationis
607 1316 689 1344 essent,
703 1322 743 1345 37,
757 1317 795 1346 56.
808 1316 823 1338 i.
837 1325 855 1338 e.
868 1323 918 1347 quae
927 1315 1002 1345 facile
1017 1321 1038 1337 et

178 1349 276 1372 celeriler
287 1349 387 1379 judicari
406 1354 426 1371 et
446 1349 540 1378 componi
553 1348 645 1380 prffinl,
659 1349 681 1370 in
702 1349 743 1380 ipsb
761 1348 813 1376 loco,
834 1348 857 1370 in
881 1356 903 1369 re
920 1348 1036 1378 praefinlt',

177 1387 244 1413 arque
254 1382 306 1403 adeo
318 1386 403 1403 tantum
415 1382 437 1403 in
449 1381 500 1404 loco.

145 1413 378 1440 DlSCEVI'ATOR,
392 1415 416 1441 8,
430 1421 468 1442 23.
482 1414 558 1435 nostra
575 1413 789 1435 certamina—non
808 1411 878 1434 verba
895 1411 1036 1441 legatorum,

178 1454 223 1468 nec
237 1446 368 1468 hominum
389 1446 515 1475 quisquam
533 1445 686 1478 disceptatoq
699 1445 737 1467 sed
749 1452 850 1474 campus
862 1444 1035 1473 Campanus—

175 1484 199 1501 et
211 1485 278 1500 arma
290 1483 312 1500 et
324 1479 463 1500 communis
475 1478 541 1500 Mars
552 1477 607 1500 belli
619 1477 738 1500 decernet.

211 1510 390 1540 disceptatorem
404 1511 435 1532 ait
448 1510 469 1532 se
482 1510 588 1532 sumtum
602 1510 662 1531 inter
674 1514 765 1539 patrem
778 1514 799 1531 et
812 1508 900 1536 filium,
917 1516 937 1536 1,
951 1515 989 1538 50.

144 1543 290 1571 DISCERE,
307 1550 344 1569 10,
358 1550 396 1572 25.
408 1543 485 1564 donec
502 1542 538 1564 vel
557 1542 604 1572 ipse
625 1541 866 1571 (habim—Romam
879 1542 985 1568 venisset,
998 1541 1036 1564 vel

177 1575 283 1605 aliquem
294 1582 323 1597 ex
340 1575 423 1604 legatis.
439 1574 534 1597 misisset
551 1581 565 1596 a
582 1581 630 1603 quo
648 1574 745 1596 disceret
757 1574 859 1601 senatus,
872 1579 992 1603 quantum
1010 1573 1034 1596 in

162 1613 165 1625 ’ν
177 1608 269 1630 Etruria
281 1606 335 1629 belli
348 1607 411 1629 esset.

144 1639 358 1667 DISCERNERE,
378 1646 416 1668 23,
437 1646 472 1667 33.
498 1646 546 1668 quo
569 1638 664 1668 propior
682 1638 756 1660 Italiae
776 1637 910 1667 (Philippus)
929 1644 957 1660 ac
975 1637 1034 1660 mari

175 1678 270 1695 tantum
284 1672 353 1694 Ionio
365 1672 485 1694 discretus.

206 1711 259 1729 nec,
273 1704 312 1733 qui
325 1705 464 1733 pourentur,
474 1703 569 1725 incerti<
579 1702 676 1729 viribus,
687 1702 739 1724 satis
749 1701 847 1724 discerni
862 1706 961 1731 poterat,
974 1707 995 1729 7,
1009 1709 1033 1731 9.

175 1736 217 1759 Sed
229 1736 353 1759 Gronovius
366 1742 386 1758 er
400 1735 586 1758 Drakenborchius
597 1734 639 1764 legi
652 1734 730 1757 volunt
741 1734 844 1757 decerni.

142 1768 328 1796 DlsClDlUM‚
343 1775 381 1797 25,
398 1769 434 1791 18.
453 1772 566 1790 manente
584 1767 684 1790 memor'
705 1783 711 1794 ,
723 1767 797 1790 etiam
815 1767 839 1789 in
857 1766 954 1788 discidio
971 1765 1033 1795 pub-

173 1802 273 1824 licorum
287 1801 413 1828 foederum,
427 1801 517 1830 privata
530 1800 601 1828 juris.
618 1799 667 1823 vid.
693 1804 736 1822 ntt.
749 1799 780 1821 ad
790 1798 811 1822 Ιι.
823 1798 838 1820 l.
852 1798 959 1828 imprimis
973 1798 1030 1820 Gro-

1098 1784 1106 1979 l‘
