1151 1988
164 74 225 115 276
364 85 615 110 GLossARnJM
642 88 854 111 LIVIANUM.

226 144 297 167 omni
317 144 373 168 belli
391 145 456 169 mole
472 147 497 169 in
519 154 598 170 unum
619 148 706 171 ducem
724 149 905 178 exercitumque
922 147 1048 177 inclinata,

197 182 237 204 30,
252 183 290 199 21.

227 215 376 270 eofnamque
387 217 487 233 omnem
505 210 561 234 belli
578 211 669 234 molem
687 211 857 235 inclinaturam
872 212 1009 240 censebant,
1024 217 1047 240 7,

195 246 232 268 3²·
245 247 255 262 c
270 257 275 263 .
291 248 328 269 10,
343 249 380 271 14.

211 273 308 327 6vegsari
326 274 405 296 media
422 274 446 297 in
461 274 525 297 mole
542 281 639 304 pugme,
658 280 682 303 7,
701 280 839 304 3z.-tanta
856 275 932 298 moles
949 282 1047 306 pugnae,

194 310 208 328 2
226 320 233 331 ‚
264 321 270 327 .

226 337 317 364 majore
328 337 392 361 mole
404 343 503 367 pugnat,
518 338 541 365 8,
557 346 594 367 ¹3·
611 338 627 361 ἱ.
642 347 659 361 e.
672 338 803 361 certamine:
820 339 862 368 ng'fi
874 347 927 361 vero
938 347 985 362 cum
997 339 1049 361 aliis

193 366 220 389 le
231 373 341 398 apparatu
352 370 474 399 intelligere
485 370 558 393 malis.
569 371 598 400 cf
612 371 636 398 6,
650 378 672 393 2.
690 371 716 393 it.
731 378 768 401 19.
781 376 801 393 et
815 378 854 401 25,
869 378 906 393 11.

226 400 315 423 multas
336 402 419 431 paffim
443 409 530 425 manus
555 403 694 434 (AEqtmrum)
720 410 794 432 quam
817 410 933 432 magnam
955 402 1047 425 molem

193 432 265 454 unius
277 434 393 456 exercitus
406 434 489 457 reffius
501 434 564 457 bella
575 442 661 464 gerere,
675 442 699 464 3,
713 443 735 458 2.

225 471 303 493 quum
315 466 391 493 major
400 466 465 488 domi
478 471 560 489 exorta
570 466 646 489 moles
655 467 733 496 co'e'git
744 466 815 489 acciri
828 466 933 490 Romam
945 473 1012 494 eum,
1023 466 1048 495 6,

194 501 230 526 14.
243 496 268 518 de
272 497 387 527 seditione.

223 535 300 557 quum
313 534 379 552 tanta
391 529 466 552 moles
479 530 537 552 mali
550 531 653 557 instaret,
667 536 690 560 5,
703 535 742 558 37.

223 560 252 582 de
264 561 408 584 imminente
420 562 484 584 mole
495 562 596 585 libertati
608 563 690 591 agitat,
704 563 727 588 6,
743 568 780 590 19.

225 591 347 621 ingentem
361 593 452 616 molem
464 595 553 617 irarum
565 601 596 616 ex
607 594 655 617 alto
667 595 750 616 animo
759 594 843 616 cientis
855 594 943 617 indicia
955 593 1008 621 effe,
1023 601 1048 624 9,

192 625 325 650 7.—moles
336 625 515 653 discordiarum,
526 634 552 656 4,
565 633 606 655 43.

160 654 327 683 MOLlMEN,
342 665 365 684 2,
379 659 418 686 56.
436 659 545 680 res—suo
557 659 605 687 ipsa
618 657 744 680 molimine
756 658 841 687 gravis.

159 686 403 742 ModLIMENTUM‚
421 697 445 719 5,
463 697 501 713 22.
519 695 612 713 motam
624 695 686 712 certe
703 690 754 712 sede
772 690 811 712 sua
826 689 889 719 parvi
908 688 1047 711 molimenti

188 727 202 742 a
221 721 351 743 miniculis.

220 759 249 774 eo
261 753 362 775 minoris
374 753 511 776 molimenti
524 761 552 776 ea
563 753 662 776 claustra
674 753 728 781 effe,
743 759 783 782 37,
798 759 834 782 14.

157 782 272 807 MOLIRI
285 790 379 808 montes
396 786 448 808 sede
460 786 509 813 sua,
529 795 552 816 9,
567 791 712 815 3.—-porta5,
730 793 769 814 23,
790 785 986 813 18.—anchoras,
1006 785 1046 813 28,

191 822 226 845 17-
239 817 269 847 cf·
283 819 306 846 6,
321 823 359 846 3³·

222 849 326 878 signum,
338 850 406 872 omni
419 850 440 872 vi
454 850 567 872 moliente
581 849 697 879 signifero,
710 848 813 872 convelli
825 848 932 878 nequire,
945 856 984 876 22,
1000 856 1021 877 3.

219 881 303 904 affecta
321 882 402 904 labore
414 887 436 904 et
455 882 539 911 vigiliis
552 889 649 911 corpora
666 888 695 904 ex
708 881 797 903 somnis
815 880 985 908 mouebantur,
1004 881 1044 909 36,

188 919 225 943 24.
238 919 312 936 contra
325 914 433 943 Virgilius
441 923 448 936 .·
466 914 557 943 corripi!
568 914 656 944 cſsmmu
668 919 749 943 corpus.

218 945 360 968 molientem
377 947 435 968 hinc
453 946 626 973 Hannibalem,
647 946 686 973 28,
699 953 738 975 44.
751 943 855 974 defuga.
868 944 898 975 cf.
916 950 955 972 37,
970 951 1042 966 11.—

186 977 263 1000 moliri
276 985 290 1000 a
305 983 363 1000 terra
381 985 462 1005 naves,
483 979 521 1005 28,
536 983 557 1005 7.
575 978 614 1000 Ad
629 977 724 1000 eumdem
742 977 825 999 modum
840 976 962 1006 Virgilius.-
982 976 1045 999 Quin

186 1010 252 1032 eriam
264 1010 349 1032 hiberno
361 1010 519 1039 molirixſsdere
530 1009 623 1040 clqffem.

219 1049 267 1071 quo
280 1043 358 1064 minor
371 1042 446 1064 moles
460 1043 484 1064 in
497 1042 592 1064 transitu
606 1041 670 1067 effer,
686 1047 726 1070 25,
742 1047 776 1063 ιι.

220 1081 269 1096 non
282 1079 409 1096 contentus
426 1074 521 1102 agrariis
537 1073 638 1103 legibus
652 1080 706 1102 quae
725 1073 822 1094 materia
834 1072 924 1101 semper
940 1071 1043 1093 tribunis

187 1105 250 1134 plebi
262 1105 405 1129 seditionum
417 1106 503 1133 fuiss'et,
517 1105 589 1128 fidem
604 1105 681 1128 moliri
698 1105 781 1134 coepit,
795 1105 818 1132 6,
840 1111 875 1126 ιι.
894 1103 910 1125 ἱ.
922 1113 944 1134 q.
957 1103 1042 1133 lahgfa-

187 1140 252 1160 Uare.

157 1169 305 1196 MOLITIO,
319 1176 359 1198 33,
374 1175 396 1199 5.
413 1176 489 1199 quum
502 1169 576 1191 castra
593 1169 630 1191 his
644 1167 773 1197 (arboribus)
787 1172 842 1190 ante
854 1164 950 1195 objeffis
962 1166 1040 1196 sepsis-

186 1202 244 1227 sent,
257 1201 332 1224 facilis
345 1201 438 1224 molitio
450 1208 534 1224 eorum
546 1201 600 1223 valli
613 1206 670 1223 erat.

155 1233 309 1262 MOLLIRE,
329 1241 366 1259 21,
385 1240 424 1264 55.
441 1233 542 1263 oleoque
561 1240 600 1262 per
619 1231 766 1262 manipulos,
782 1236 809 1254 ut
826 1230 947 1254 mollirent
964 1236 1040 1259 artus,

185 1266 262 1288 misso.

154 1298 283 1325 MOLLIS,
296 1303 319 1328 5,
333 1299 355 1320 6.
373 1298 463 1320 adeone
474 1297 612 1320 effeminata
621 1303 719 1326 corpora
731 1296 836 1318 militum
849 1296 981 1317 nostrorum
994 1294 1039 1316 effe

185 1336 305 1358 putamus.
319 1330 377 1352 adeo
395 1330 479 1352 molles
497 1330 600 1356 animos,
613 1334 639 1351 ut
656 1330 763 1351 hiemem
781 1334 855 1350 unam
868 1327 949 1349 durare
962 1327 986 1348 in
998 1333 1040 1349 ca-

184 1363 242 1389 stris,
255 1362 330 1385 abeffe
343 1362 372 1384 ab
385 1362 458 1384 domo
470 1368 518 1383 non
532 1362 625 1390 poffinr.

216 1394 298 1417 mollia
310 1400 333 1416 et
345 1394 418 1416 fluida
430 1401 529 1422 corpora
541 1393 676 1420 Gallorum,
689 1399 728 1421 34,
740 1397 780 1421 47.

154 1426 319 1449 MOLLITER
331 1431 353 1448 et
366 1432 405 1455 per
417 1426 541 1448 dilationes
552 1425 643 1448 bellum
656 1425 703 1453 geri
715 1428 815 1453 oportet,
829 1428 851 1452 5,
866 1428 888 1452 5.

152 1458 319 1484 MOLLITlA,
335 1463 357 1487 5,
374 1458 396 1479 6.
414 1464 458 1479 nec
471 1457 493 1479 se
510 1457 670 1487 patrocinium
688 1455 797 1478 mollitiae
814 1455 952 1484 inertiaeque
964 1461 1037 1476 man-

183 1490 244 1512 dasse
256 1490 364 1512 tribunis.
377 1489 406 1519 cs]
422 1495 444 1516 7,
459 1497 497 1518 32.

151 1522 294 1545 MOLLIUS
307 1522 421 1548 abnuere,
432 1529 470 1550 30,
483 1520 670 1549 3.-—consulere‚
683 1527 722 1548 30,
738 1525 758 1547 7.
773 1518 850 1549 Oppos.
863 1518 942 1541 durius
952 1518 1037 1540 consu—

182 1554 236 1576 lere.
251 1554 298 1576 vid.
313 1554 367 1576 Inte.
380 1553 411 1574 acl
420 1554 444 1581 8,
466 1560 503 1575 21.

150 1585 362 1613 MOMENTUM‚
377 1593 400 1612 2,
415 1590 436 1612 7.
453 1585 499 1607 levi
513 1589 639 1607 momento
650 1584 714 1606 sama
726 1582 820 1612 pendet.
833 1582 848 1604 ι’.
863 1590 880 1604 e.
893 1580 940 1603 levi
951 1586 1035 1611 'tpar-

180 1628 212 1641 ’νιι
223 1618 295 1648 ciqufiz
309 1623 415 1640 mutatur.

210 1657 240 1672 ex
254 1650 329 1679 parvis
342 1649 410 1672 rebus
422 1649 482 1678 saepe
494 1655 638 1678 magnarum
650 1651 775 1670 momenta
787 1646 901 1676 pendent,
914 1650 954 1674 27,
967 1653 989 1675 9.
1003 1645 1033 1675 cf.

180 1688 305 1743 „ming-ea
317 1714 391 1736 oratio
408 1712 528 1736 momenti
543 1712 572 1735 ad
586 1711 722 1735 incitandos
739 1710 768 1734 ad
780 1710 872 1733 bellum
884 1709 978 1738 habuit,
994 1714 1034 1738 35,

182 1752 220 1776 25.
