1151 1988
173 73 246 105 1881
375 84 628 108 ozossAan
653 86 865 109 LIVIANUM.

172 142 297 170 FUNDA,
311 144 351 171 28,
368 149 406 172 37.
429 144 518 173 fundis,
537 150 563 168 ut
580 153 647 168 nunc
667 145 812 176 plurimum,
835 147 867 170 ita
887 152 946 170 tune
967 148 1014 171 solo
1034 156 1063 171 eo

205 174 253 197 telo
266 175 402 199 utebantur.

239 207 313 229 funda
326 215 390 230 mare
399 214 510 237 apertum
522 208 660 231 incessentes
671 211 849 237 exercebantur,
865 213 903 241 353,
919 220 955 242 29.

173 238 449 266 FUNDAMENTUM,
465 248 486 268 1,
503 248 539 264 12.
556 241 602 262 tuis
612 241 686 268 jussus
698 243 782 264 avibus
795 244 834 265 hic
848 245 871 266 in
886 244 975 266 Palatio
986 244 1065 273 prima

205 271 257 293 urbi
268 271 425 294 fundamenta
434 273 491 300 jeci.
514 274 546 295 De
556 273 597 294 Ιιασ
606 273 756 302 corfirue‘iione
764 275 817 297 vide
829 276 938 298 Drakenlr.
949 277 980 298 ad
991 283 1014 304 3,
1025 277 1065 306 46.

173 303 340 332 FUNDARE,
353 311 393 333 40,
408 310 446 334 57.
464 305 537 334 inque
548 312 630 327 eorum
643 312 699 335 agro
710 307 772 329 sedes
785 307 883 330 fundare
897 309 1020 331 Bastarnis.

237 335 327 357 adeone
341 337 374 358 est
384 336 485 359 fundata
496 336 577 359 leviter
589 336 656 363 fides,
672 346 694 365 2,
707 344 728 365 7.

174 366 340 395 FUNDERE,
353 373 392 397 35,
408 376 429 390 1.
448 368 463 390 si
476 369 498 391 vi
511 369 602 391 sudiffet
615 370 781 400 cecidissetque
793 371 878 394 hostes.

218 410 219 413 =
238 404 265 421 ut
277 399 403 422 funderent
414 400 463 430 ipso
476 400 570 423 incursu
582 401 701 428 Aricinos,
716 410 738 430 2,
755 409 791 431 14.

239 437 279 453 eos
295 432 364 461 ipsos,
378 439 427 454 non
443 433 537 461 signum
555 438 658 460 certum,
671 441 720 456 non
738 435 825 457 ducem
845 435 976 463 sequentes,
988 435 1067 458 fundit

205 462 341 491 Romanus,
353 464 447 493 fugatos
459 471 531 494 eques
543 465 697 494 persequitur,
710 475 734 496 9,
748 473 786 495 37.
805 467 835 496 cs.
850 471 897 496 cup.
912 475 950 490 22.
963 472 984 488 e!
994 474 1033 496 44.

239 496 336 518 caedunt
354 498 438 526 pariter
454 497 582 519 resistentes
600 497 715 527 fusosque,
729 506 753 527 9,
770 506 806 528 ¹4·
825 500 855 529 cf.
869 504 916 529 cap.
933 501 969 521 16.
987 499 1024 520 ubi
1041 499 1069 528 fi

206 526 256 549 fusa
267 528 338 550 acies.

240 566 374 589 agmenque
391 560 536 589 fugientium
549 561 579 583 ab
591 560 774 590 fignis--susnm
792 569 820 585 ac
838 570 878 592 per
896 569 962 591 agros
980 562 1069 593 trepida

206 591 265 620 *Iuga
277 591 382 620 palatum
396 593 437 619 est,
451 599 474 620 7,
488 594 510 616 8.

241 623 311 652 longe
324 631 351 646 ac
364 624 410 646 late
421 625 472 647 suso
484 625 581 654 agmine
593 626 740 649 immensum
752 627 887 649 obtinentes
899 627 956 654 loci,
969 632 993 657 5,
1007 632 1045 655 37.

241 655 288 678 late
299 655 349 678 fuso
362 661 446 679 terrore
458 657 524 684 belli,
537 663 576 685 29,
591 664 628 687 35.

241 687 353 717 dejugis‚
365 696 420 717 quae
432 695 553 718 ceperant,
565 690 707 718 funduntur,
722 697 746 719 9,
759 698 799 719 43.
817 691 832 712 ι’.
846 700 868 722 q.
880 691 1019 720 deficiantur.

242 726 290 748 qua
304 720 401 749 (dextra)
415 721 497 743 Gallos
509 722 558 743 fudi
570 728 584 743 a
595 721 698 744 delubris
711 723 799 749 vestris,
813 724 836 749 6,
853 724 888 745 16.

241 751 311 774 simul
324 753 453 775 inconditis
465 754 525 775 inter
536 753 557 775 se
567 754 683 782 jocularia
691 755 818 777 fundentes
831 754 944 782 verfibus,
960 760 982 782 7,
997 762 1019 778 z.

178 782 358 812 FUNESTUS,
370 792 396 814 4,
410 792 447 807 20.
466 785 574 813 annales,
586 785 650 808 velut
662 787 756 809 funesti.

242 822 338 844 gravem
348 817 427 845 praeda
439 816 534 847 (Instent)
549 825 625 846 eoque
637 819 787 847 impeditiore
804 819 900 848 agmine
912 819 1064 841 incedentem

211 848 339 876 aggressus,
352 848 470 871 funestam
484 850 504 872 ei
517 849 698 879 populationem
711 850 776 877 fecit,
791 857 813 878 3,
827 857 849 879 3.

180 878 295 906 FUNGI,
310 887 332 906 t,
345 887 384 909 41·
403 889 443 910 per
456 882 559 910 speciem
571 882 655 904 alienae
668 883 796 911 fungendae
809 883 874 908 vicis,
886 883 902 905 ι’.
915 891 934 906 e.
946 887 987 912 per
1004 882 1069 913 caus-

199 911 257 942 sam*
264 912 538 943 mandataejttrrsdiffionis
543 930 549 936 .

242 943 293 972 spes
303 943 492 967 faQa—-miiitiae
504 945 631 974 fungendae
644 946 774 974 potioribus
786 947 897 973 ducibus,
910 953 950 975 24,
964 953 1002 970 21.
1134 960 1138 978 i

243 983 320 1004 quum
332 977 399 998 suam
412 977 489 999 vicem
499 978 594 999 functus
606 978 687 1000 officio
699 977 735 1006 sit,
749 985 770 1006 1,
782 987 803 1008 9.
821 979 851 1009 <f
865 986 888 1008 3,
900 979 938 1007 36.
957 978 982 1001 it.
995 979 1018 1006 8,
1030 984 1068 1008 35.

210 1007 260 1030 vid.
274 1008 340 1030 vicis.

179 1039 300 1067 FUNUS,
314 1041 354 1067 28,
369 1041 407 1063 28.
425 1047 480 1062 meo
499 1041 570 1063 unius
587 1041 670 1063 sunere
687 1041 748 1063 elata
764 1041 846 1071 populi
865 1041 935 1063 Rom.
954 1041 1009 1063 esset
1026 1041 1071 1063 res-

211 1071 326 1101 publica?
344 1072 393 1093 vid.
408 1073 495 1094 efferre.

244 1110 274 1125 ne
290 1103 420 1126 liberorum
438 1105 535 1133 quidem
556 1103 678 1127 funeribus
699 1105 803 1127 Libitina
823 1105 962 1132 sufficiebat,
976 1112 1017 1134 41,
1030 1112 1069 1127 21.

211 1134 261 1157 vid.
274 1135 384 1158 Libitina.

181 1166 255 1193 FUR,
269 1174 292 1195 3,
308 1169 345 1197 58.
364 1168 423 1189 inter
436 1168 497 1190 sures
510 1167 640 1190 nofflurnos
651 1174 679 1189 ac
691 1168 803 1191 latrones.

180 1198 317 1226 FURERE,
331 1201 355 1226 8,
369 1207 407 1228 31-
425 1204 448 1221 et
460 1200 562 1222 nunc'id
574 1200 657 1226 furere,
671 1200 693 1222 iil
706 1207 766 1228 :aegre
779 1200 836 1229 pati.

242 1231 324 1253 oculos
349 1231 388 1253 sibi
412 1231 578 1254 Romanorum
597 1232 677 1254 ardere
694 1232 930 1261 visos—vesanosque
948 1231 1029 1254 vultus
1046 1236 1069 1254 et

210 1261 313 1285 furentia
325 1270 374 1290 ora,
387 1268 410 1291 7,
423 1270 461 1292 33.
479 1263 495 1285 ι’.
509 1273 526 1285 e.
535 1263 664 1292 fsrocg'ffime
671 1264 818 1293 pugnantium
829 1273 875 1286 ora.

243 1295 340 1323 agrariae
353 1295 411 1324 legis
422 1295 554 1317 tribuniciis
566 1295 666 1317 stimulis
679 1296 745 1324 plebs
756 1296 857 1323 furebat,
872 1304 894 1323 2,
909 1301 947 1325 54.
1143 1322 1148 1328 ⁶

179 1325 289 1353 FURIA,
305 1334 327 1355 1,
339 1333 379 1357 47.
396 1327 433 1349 his
446 1327 601 1349 muliebribus
613 1327 735 1350 instinstus
746 1328 812 1350 furiis
829 1328 844 1349 i.
859 1337 879 1359 q.
891 1327 1025 1358 sermonibus
1038 1327 1072 1361 irr-
1150 1334 1151 1341 ¹

219 1365 276 1380 anae.
1138 1363 1140 1375 ¹

202 1357 226 1388 s
243 1389 389 1418 agitantibus
401 1390 468 1413 furiis
480 1390 562 1413 sororis
573 1397 601 1413 ac
614 1391 665 1417 viri,
684 1398 706 1418 1,
719 1392 759 1419 48.
777 1391 807 1420 ‘f-
820 1396 867 1421 αφ.
881 1397 919 1421 59.

242 1422 310 1444 hunc
325 1421 441 1450 juvenem
459 1426 584 1452 tamquam
601 1423 689 1445 suriam
705 1423 832 1452 facemque
853 1424 925 1451 hujus
944 1422 999 1445 belli
1019 1422 1069 1451 odi,

212 1460 252 1480 21,
268 1460 304 1476 ιο.

179 1483 340 1512 FURIALIS,
356 1490 378 1512 7,
394 1491 430 1513 17.
448 1486 512 1515 quod
523 1486 652 1509 sacerdotes
669 1493 763 1514 eorum,
776 1487 867 1509 facibus
879 1486 1016 1509 ardentibus
1028 1493 1071 1509 an·
1139 1483 1141 1497 ¹

210 1517 342 1546 guibusque
360 1517 472 1546 praelatis,
491 1518 579 1540 incessu
597 1518 673 1541 furiali
694 1519 796 1541 militem
818 1519 891 1542 Rom.
912 1519 1002 1541 insueta
1022 1523 1070 1541 tur-

211 1549 328 1571 baverunt
341 1549 424 1578 specie.

242 1581 291 1603 dira
303 1581 431 1603 exsecratio
443 1588 470 1604 ac
482 1581 566 1604 furiale
576 1588 684 1610 carmen,
694 1582 838 1604 detestandae
850 1582 947 1605 sarniliae
959 1582 1069 1612 stirpique

209 1613 381 1641 compositum,
397 1621 434 1640 10,
446 1621 484 1643 41.

180 1644 302 1672 FUROR,
316 1652 339 1672 2,
353 1652 391 1673 29.
407 1645 458 1673 jam
471 1645 521 1672 hic,
534 1652 582 1674 quo
595 1653 660 1668 nunc
674 1646 758 1668 omnia
770 1646 861 1674 ardent,
874 1645 1017 1668 conticescet
1033 1645 1070 1668 su-

211 1683 258 1699 tor.
277 1676 292 1698 i.
306 1677 422 1707 qast-litio.
435 1678 464 1707 ef.
481 1684 520 1707 25,
531 1685 554 1706 4.

244 1713 301 1737 quae
322 1708 439 1738 (virgines)
462 1709 564 1732 alienata
585 1714 666 1732 mente
686 1709 756 1732 fimul
774 1709 840 1732 luftu
862 1714 986 1738 metuque,
1004 1708 1071 1731 velut-

214 1745 291 1770 captae
303 1740 389 1769 surore,
402 1748 429 1764 eo
443 1741 510 1764 cursu
523 1741 544 1764 se
555 1748 591 1764 ex·
599 1742 696 1765 sacrario
706 1742 882 1772 proripuerunt,
895 1747 941 1764 etc.
955 1749 994 1771 24,
1009 1742 1046 1764 26.
