1151 1988
145 85 189 125 84
352 93 602 116 GLOSSARIUM
631 94 841 117 LIVIANUM.

212 160 274 176 nova
286 157 358 183 atque
370 155 460 184 integra
471 154 595 184 concipere
607 155 720 184 auspicia,
733 162 773 184 22,
789 163 809 178 r.

212 187 337 216 concipere
350 192 439 214 mente,
455 194 474 212 1,
488 188 527 215 36.
544 188 635 214 animo,
649 196 672 217 9,
689 188 724 209 18.

212 219 259 241 hoe
277 219 315 248 spe
332 219 467 249 concipere,
479 219 575 241 audacis
592 219 666 241 animi
684 219 766 242 fuisse:
785 219 814 241 ad
831 218 942 241 effefiuni
960 218 1036 241 addu-

180 257 242 277 cere,
255 251 348 273 virtutis
360 256 382 273 et
394 252 494 273 sortunae
507 251 618 280 ingentis,
632 258 671 279 33,
685 258 724 280 33.

145 283 297 319 coNcmE,
311 289 351 314 25,
367 291 403 314 19.
420 283 467 313 ipse
478 282 630 313 aliquantum
643 283 833 306 voluntariorum
846 283 870 305 in
883 283 965 306 itinere
978 289 1037 305 con-

179 321 245 338 civit.

213 346 383 370 tumuituofius
395 354 468 376 quam
486 346 586 369 aliatum
604 352 652 369 erat
669 347 749 370 cursus
765 347 907 376 hominum,
919 346 1036 377 affingen-

178 380 241 402 tium
253 386 316 401 vana
326 379 423 406 auditis,
436 384 511 401 totam
524 379 607 401 urbem
620 380 764 407 conciverat,
778 379 818 407 26,
831 387 854 409 9.

211 418 252 441 per
263 411 353 441 legatos
364 412 469 434 conciret
481 411 593 433 homines
605 412 633 434 ad
646 419 721 438 arma,
734 418 774 440 31,
787 419 809 441 3.

210 443 252 472 qui
265 444 288 466 in
301 444 337 466 his
350 444 477 473 provinciis
488 443 579 466 bellum
591 444 754 471 concivifl‘ent,
767 450 808 473 41,
822 443 845 466 8.

211 476 303 498 Etruria
316 476 411 498 concita
423 476 447 498 in
459 482 535 502 arma,
551 482 589 503 10,
602 483 641 499 21.

145 507 334 531 CONCITARE
346 508 367 530 se
379 509 402 530 in
416 509 508 537 fugam,
522 515 559 533 22,
575 515 611 535 17.
624 507 692 538 plane
705 508 809 530 Gra-cum
821 506 940 538 ἇξμᾶσὲαι.

210 541 330 563 Etruriam
342 547 441 562 omnem
455 540 563 562 adversus
575 547 618 562 nos
631 541 751 562 concitare
764 540 898 568 voluerunt,
911 546 934 570 5,
947 545 971 570 4.

210 573 277 595 domi
290 573 342 601 plus
354 572 410 594 belli
423 572 547 599 concitari,
561 579 634 601 quam
647 573 710 598 foris,
724 577 747 602 5,
761 580 783 595 2.

209 605 328 627 crescebat
340 604 447 627 tumultu
459 605 580 627 concitato
592 605 670 631 turba,
684 605 723 633 38,
737 611 775 633 33.

209 637 334 659 concitant
345 644 418 666 equos
431 637 620 666 permittuntque
634 637 657 658 in
670 637 772 663 hostem,
787 643 810 664 3,
824 636 864 658 61.

210 673 300 697 quanta
313 669 420 691 maxima
431 668 550 691 celeritate
562 669 645 698 potest,
658 669 763 691 eoncitat
775 675 856 694 naves,
870 668 909 696 36,
921 674 961 696 44.

211 701 240 723 ad
252 701 384 723 emittenda
398 700 461 730 (tela)
476 708 532 723 cum
545 701 655 730 procursu
672 707 721 730 quo
737 700 871 730 plurimum
883 699 1035 722 concitantur

178 732 234 759 tela,
247 733 348 762 spatium
361 733 492 760 habebant,
505 740 544 762 34,
557 739 596 761 39.

145 765 369 787 CONCITATIOR
381 765 491 787 accidens
503 764 604 791 clamor,
619 771 657 791 το,
672 769 694 794 5.

144 797 395 820 CONCITATORES
408 798 482 819 turbae
494 804 522 819 ac
535 797 664 825 tumultus,
677 801 716 827 25,
729 803 753 827 4.

145 829 312 852 CONClTOR
324 829 389 857 belli,
404 835 443 858 37,
455 836 496 859 45.
514 829 544 859 cf.
556 836 595 858 29,
609 836 631 858 3.

209 862 343 884 concitores
355 861 429 890 vulgi,
441 869 483 891 45,
500 868 536 883 lo.

143 893 370 916 CONCLAMARE
383 899 482 920 mortuos,
494 900 519 922 4,
531 899 571 922 40.
592 897 615 915 et
632 900 662 915 ex
680 892 769 915 moestis
787 891 867 921 paullo
885 895 940 914 ante
956 890 1036 914 domi-

176 926 231 953 bus,
244 933 297 955 quae
310 926 519 948 conclamaverant
531 926 592 952 suos,
604 930 777 954 procurreretur
788 925 812 947 in
826 925 884 946 vias.

208 958 390 980 conclamatum
403 958 457 980 inde
468 958 496 979 ad
509 964 585 984 arma,
602 964 638 983 10,
650 964 688 985 32.
706 957 736 987 gf.
751 964 773 985 3,
788 962 826 986 50.

141 990 325 1017 CONCLAVE,
339 997 378 1020 39,
395 997 431 1020 ¹4·
449 995 475 1013 ut
487 989 670 1019 comprehensos
682 989 755 1011 libero
767 987 876 1011 conclavi
892 987 922 1010 ad
940 986 1034 1016 quaesti-

176 1029 247 1044 onem
259 1022 384 1045 servarent.

142 1054 376 1082 CONCOQUERE,
389 1061 413 1083 4,
433 1058 470 1083 ¹5·
488 1060 561 1083 quem
578 1053 710 1075 senatorem
727 1058 876 1082 concoquere
893 1051 976 1074 civitas
993 1051 1033 1074 vix

195 1086 259 1109 offer.

177 1094 192 1117 p
208 1118 324 1141 concofla
341 1117 438 1141 consilia
455 1117 518 1145 sunt,
535 1125 577 1148 40,
594 1125 630 1140 ιι.
648 1117 664 1139 ι’.
678 1126 699 1148 q.
717 1119 783 1139 colia.
801 1115 850 1138 vid.
871 1114 940 1138 Clav.
961 1114 1031 1138 cim.

178 1150 200 1172 in
212 1150 233 1172 h.
245 1158 270 1173 -υ,

143 1183 344 1209 CONCORD1A‚
355 1190 380 1211 4,
393 1189 432 1212 43.
452 1182 536 1204 mediis
548 1182 702 1204 concordiam
715 1180 835 1209 copulare.

207 1215 322 1244 interpres
332 1214 475 1241 concordiae,
490 1221 513 1241 2,
527 1221 565 1243 33.
583 1213 604 1236 h.
617 1222 635 1236 e.
653 1222 694 1244 quo
711 1213 828 1242 interprete
844 1211 955 1234 concordia
972 1209 1033 1241 resti-

175 1252 224 1269 rlda
236 1247 272 1275 fst-

208 1275 311 1308 qu'orum
325 1282 464 1308 perpetuam
481 1278 537 1300 vitae
556 1277 711 1300 concordiam
728 1283 792 1299 mors
810 1282 906 1306 quoque
925 1274 1031 1302 miscuit,

191 1318 206 1333 o
230 1312 253 1333 8.

142 1319 302 1369 CJN’COR&
316 1350 341 1372 4,
356 1349 378 1364 2.
397 1349 427 1364 ne
439 1342 519 1363 secum
532 1341 628 1370 quidem
643 1340 689 1369 ipse
701 1347 809 1362 concors.
831 1339 869 1361 Sic
889 1339 964 1361 Cicera
983 1338 1031 1368 Off

178 1382 200 1403 1,
218 1383 238 1398 1.
256 1374 271 1396 si
290 1374 330 1396 fibi
349 1374 396 1403 ipse
413 1374 553 1396 consentiat.
570 1372 619 1394 vid.
636 1372 682 1395 Cel.
697 1372 808 1394 Ruhnken.
821 1371 851 1392 ad
863 1371 940 1394 Vellei.
955 1379 977 1397 2,
992 1373 1031 1399 63.

174 1415 224 1430 non
237 1407 310 1429 modo
322 1413 455 1429 commune
473 1406 510 1428 scd
527 1411 626 1427 concors
638 1405 710 1427 etiam
722 1411 822 1434 regnum
835 1403 928 1426 duobus
939 1403 1033 1432 regibus

174 1440 228 1466 suit,
244 1446 265 1466 1,
282 1446 317 1467 13-

142 1470 378 1498 CONCREMARE,
393 1477 416 1499 3,
430 1475 467 1499 53.
485 1469 596 1498 vivosque
614 1468 662 1498 igni
683 1468 728 1499 (se)
748 1472 950 1490 concrematuros.
963 1467 993 1498 cf.
1007 1467 1030 1495 8,

177 1511 213 1526 ⁴0.
232 1510 254 1531 9,
271 1510 307 1525 12.

174 1519 187 1533 Ὀ
208 1535 310 1558 Puteolis
321 1534 379 1556 duas
392 1541 462 1556 naves
475 1532 582 1556 fuiminis
593 1531 639 1554 iau
653 1537 817 1554 concrematas
829 1531 883 1558 effe,
897 1538 937 1560 4¹·
949 1539 970 1560 9.

142 1566 367 1594 CONCREPARE,
386 1567 426 1594 28,
445 1566 468 1589 8.
496 1565 537 1588 ubi
560 1565 664 1587 hostium
687 1571 753 1587 arma
774 1563 971 1593 conerepuiffenr.
999 1561 1030 1593 cf.

173 1602 198 1628 6,
212 1607 249 1628 24.

204 1631 321 1654 exercitus
333 1630 416 1660 gladiis
429 1630 457 1652 ad
469 1630 533 1651 scuta
545 1629 693 1657 concrepuit,
708 1629 748 1655 28,
761 1634 799 1656 29.

139 1663 336 1690 CONCUBIUS,
350 1669 389 1692 25,
404 1671 425 1691 9.
445 1661 565 1684 Hannibal
580 1661 698 1683 concubia
711 1660 779 1682 nofle
792 1659 876 1682 movit.

139 1695 369 1725 CONCURRER&
384 1702 424 1725 η,
439 1700 476 1726 15.
494 1693 581 1725 quibus
594 1700 671 1724 quum
684 1692 798 1717 Numidae
816 1692 916 1722 impigre
929 1697 1030 1714 concur·

172 1728 259 1752 nffint.
