1151 1988
166 122 228 155 130
358 123 607 146 GLOSSARIUM
634 124 851 148 LIVIANUM.

164 182 302 210 DXGNUS,
327 189 367 212 23,
388 190 429 213 42.
452 183 469 207 fi
492 185 575 212 modo,
597 191 666 214 quos,
689 189 716 207 ut
738 184 812 207 socios
838 184 946 213 haberes,
970 184 1055 215 dignos

198 215 293 237 duxisti.

229 247 296 301 gigni
314 247 454 279 indignique
465 252 507 279 pra
524 247 638 271 omnibus
655 248 766 276 dicuutur,
779 256 820 279 24,
836 250 872 272 16,
890 249 940 272 vid.
954 249 1009 272 lnrt.
1025 248 1057 270 ad

196 342 213 366 b
231 310 304 341 digna
320 318 355 335 res
372 312 430 341 visa,
443 317 470 335 ut
487 312 642 335 fimulacrum
660 312 771 335 celebrati
789 311 839 341 ejus
855 313 1001 343 diei-pingi
1016 313 1056 343 ju-

216 348 272 371 eret,
287 351 300 366 2
320 360 327 371 ,
343 344 380 367 16.

231 381 257 398 ut
275 351 350 399 ex4eo
367 376 460 399 donum
482 383 592 404 aureum,
612 376 713 405 dignum
736 376 895 407 amplitudine
916 376 1002 407 templi
1025 383 1053 400 ae

196 407 300 430 numine
311 408 347 430 dei
360 415 391 431 ex
402 408 517 437 dignitate
528 409 608 438 populi
621 408 692 431 Rom.
705 408 780 436 fieret,
794 414 816 438 5,
830 416 869 438 23.

231 440 405 470 impetrataque
422 447 479 470 pax,
492 441 569 470 magis
586 445 611 463 ut
628 440 683 463 feffa
700 446 750 463 tam
768 441 862 464 diutino
878 440 942 464 bello
958 440 1055 471 aequie-

196 471 271 495 sceret
283 472 375 500 civitas,
387 479 462 501 quarn
474 473 538 502 quod
551 473 615 502 digni
628 478 743 502 peterent,
755 472 810 495 ibid.

230 503 318 533 quibus
330 504 346 526 fi
359 505 475 527 videretur
492 505 564 534 digna
581 505 669 533 cauffa,
681 510 704 527 et
721 504 854 528 Hannibali
871 505 1054 534 denunciarent,

195 540 242 560 etc.
256 543 296 564 21,
309 536 332 559 6.
344 536 394 559 vid.
408 536 508 560 Gronov.
523 536 574 567 Obfi
586 544 610 566 3,
622 538 645 560 8.

229 575 283 591 eam
296 576 346 591 rem
364 569 446 592 minus
463 576 532 598 aegre,
545 576 619 598 quam
636 569 738 598 dignum
755 573 814 597 erat,
826 568 903 592 tulifl‘e
919 568 1054 592 Romulum

196 599 286 628 ferunt,
301 607 322 628 t,
338 608 374 631 ¹4.
387 601 403 624 i.
415 609 437 633 q.
450 609 546 632 aequum.
569 601 609 624 Sic
620 606 641 623 et
657 608 741 624 verum
751 605 793 631 pro
809 608 879 631 aquo
893 602 988 625 dicitur.
1004 601 1055 627 vid,

195 632 219 654 ἰη
232 641 258 654 ra
270 633 292 654 in
305 633 325 654 Ῐι.
337 641 364 656 v.

211 632 365 687 sanctoribus
376 665 424 687 hoe
436 665 499 693 dedi,
510 665 598 695 quibus
610 665 705 695 dignius
715 665 763 688 hoc
775 665 837 689 credi
849 665 890 693 est,
904 665 928 693 8,
941 666 981 690 26.

163 694 303 720 DIGREDI
316 705 345 719 ex
358 697 488 726 colloquio,
503 705 542 727 35,
556 698 595 726 38.

230 734 253 751 et
264 728 335 758 legati
347 736 361 751 a
373 729 476 759 Philippi
493 730 613 759 colloqqu
631 729 663 752 ita
679 729 770 759 digreffi
787 729 849 758 sunt,
861 734 889 752 ut
906 736 954 760 prae
971 728 993 752 se
1011 728 1054 752 fer-

195 766 258 788 rent.
270 767 315 783 etc.
331 768 370 789 39,
384 769 423 791 35.

162 792 360 820 DIJUNGERE,
372 801 413 823 42,
425 794 466 823 46.
478 793 542 823 quod
554 797 657 816 veterem
676 794 809 816 amicitiam
825 793 957 823 dijungeret
968 793 1009 816 fibi
1022 793 1053 816 ab

197 825 323 848 Romanis.
334 825 386 847 vide
399 826 428 848 B.
438 827 545 848 patruum
557 825 587 847 ad
596 825 656 848 Plin.
670 826 753 856 Pamg.
766 831 814 855 cap.
827 833 866 854 93.

163 856 273 880 DILABI
286 858 315 880 ab
329 857 407 886 fignis,
421 865 461 886 23,
477 859 512 880 153.
525 865 539 880 a
550 857 698 885 stationibus,
709 865 749 888 24,
762 859 801 887 46.
813 858 843 888 gf.
856 859 880 886 6,
895 862 932 886 17.

228 889 309 919 dilapfl
322 890 352 912 ab
364 890 485 912 ordinibus
498 890 584 917 hostes,
599 897 637 918 37,
651 896 689 913 20.

227 922 297 944 turba
308 929 337 944 ex
350 929 377 944 eo
389 922 442 944 loeo
455 922 612 949 dilabebatur,
626 924 649 949 6,
666 927 703 949 17.

225 954 316 984 dilapsa
327 954 372 977 efl'e
384 954 467 977 robora
479 960 606 983 corporum
616 954 811 984 animorumque,
826 961 865 983 23,
877 959 918 984 45.

227 986 322 1015 dilapsis
333 987 362 1008 ati
375 987 479 1015 praedam
492 986 618 1012 militibus,
630 994 654 1015 4.
668 993 707 1016 55.

228 1018 388 1041 dilaberentur
399 1019 423 1041 in
436 1018 531 1048 oppida,
545 1018 587 1041 litu
601 1018 698 1040 urbium
711 1018 878 1048 moenibusque
891 1018 911 1040 fe
928 1017 1054 1046 defensuri,

194 1051 219 1078 8»
234 1058 272 1078 Ζ9·
285 1051 314 1081 ‘f
327 1059 350 1080 9⁹
364 1056 404 1079 45·

228 1084 290 1105 aedes
302 1084 367 1106 jovis
379 1082 477 1112 dilapsa,
489 1089 514 1111 4,
529 1089 568 1105 20.

227 1122 276 1143 qua
287 1115 406 1137 dilabente
421 1113 531 1144 (nebula),
543 1121 585 1143 41,
600 1121 622 1136 2.
634 1113 661 1136 it.
673 1120 713 1142 21,
727 1114 764 1142 36.
777 1113 802 1136 de
813 1114 874 1137 nive.

161 1145 297 1170 DlLATlo
310 1147 375 1174 belli,
389 1155 413 1177 9,
425 1153 465 1175 43.
477 1147 504 1168 it.
517 1151 566 1175 cap.
577 1152 618 1175 45.

226 1185 272 1201 nee
284 1179 412 1209 recipiente
424 1178 564 1201 dilationem
577 1185 609 1204 re,
624 1183 647 1205 7,
663 1185 700 1207 ¹4·

228 1217 285 1234 cum
298 1211 335 1234 his
347 1210 450 1233 molliter
462 1215 484 1232 et
497 1218 537 1239 per
547 1209 672 1232 dilationes
684 1209 775 1232 bellurn
785 1210 832 1238 geri
845 1214 947 1239 oportet,
960 1217 982 1240 5,
997 1215 1019 1240 5.

194 1242 218 1265 in
235 1243 279 1265 eod.
297 1248 345 1273 cap.
363 1243 408 1272 est:
426 1250 466 1272 per
483 1242 666 1265 intermissiones
682 1242 726 1265 has
742 1241 924 1272 intervallaque,
941 1248 962 1264 et
975 1242 1052 1273 patella

194 1275 255 1304 post:
274 1274 288 1297 si
302 1275 468 1297 laxamentum
481 1275 580 1297 dederis.

161 1306 325 1330 DlLUCERE
337 1307 400 1329 fraus
411 1307 492 1336 coepit,
506 1307 529 1334 8,
543 1311 584 1333 27.

228 1339 340 1364 dilucere,
353 1339 376 1361 id
387 1339 450 1368 quod
463 1344 521 1366 erat,
533 1338 616 1368 coepit,
630 1342 670 1367 ις,
684 1346 721 1368 29.
734 1338 765 1367 ff.
780 1345 801 1367 3,
818 1339 854 1361 16.

161 1371 314 1398 DlLUERE,
326 1379 351 1400 4,
367 1378 404 1400 ¹4·
416 1372 554 1399 crimenque
564 1378 580 1397 ,a
593 1370 702 1392 Minucio
719 1370 825 1392 delatum
844 1370 872 1392 ad
891 1370 999 1393 senatum
1017 1371 1054 1392 di-

193 1403 321 1426 luendum.
334 1403 375 1432 nisi
385 1403 471 1432 legatur
482 1402 618 1429 demendum,
631 1402 647 1424 ι’.
660 1401 822 1432 e.sblvendum.

228 1436 278 1464 qui,
292 1442 346 1464 quae
364 1435 476 1465 Popillius
493 1434 621 1463 objecerat,
637 1433 726 1456 diluere
744 1439 876 1463 utcumque
893 1434 973 1457 conati
990 1434 1054 1460 sunt,

193 1473 233 1497 45,
250 1474 286 1490 10.

162 1499 327 1522 DIMETARI
340 1498 422 1521 locum
435 1498 523 1525 castris,
537 1499 561 1524 8,
574 1499 613 1527 38.

161 1531 335 1558 DlMffiARE,
349 1532 373 1557 6,
387 1538 425 1559 4¹·
438 1531 580 1553 dimicantes
593 1530 768 1559 competitores.

228 1564 349 1586 absentem
364 1562 473 1593 (patrem)
488 1563 516 1585 de
535 1562 613 1585 liberis
626 1563 750 1589 dimicare,
765 1569 788 1591 3,
801 1570 840 1592 44.
854 1562 879 1584 it.
893 1563 921 1585 de
937 1563 995 1590 vita,
1009 1569 1049 1592 24,

194 1596 232 1619 26.

227 1627 290 1650 utin
303 1626 405 1655 lingulas
418 1627 486 1649 horas
498 1627 575 1656 eapite
588 1627 686 1649 dimices
699 1631 748 1652 tuo,
762 1634 786 1654 2,
802 1634 837 1650 iz.

226 1659 360 1682 Camillum
377 1659 405 1681 de
423 1659 513 1689 repulsa
530 1659 653 1686 dimicare,
667 1660 690 1686 6,
702 1666 741 1688 40.
759 1659 775 1681 i.
788 1667 806 1682 e.
824 1658 913 1689 repulsae
926 1658 1050 1689 periculum

191 1691 259 1714 adire.

224 1723 338 1747 seditione
350 1723 410 1745 inter
429 1723 488 1753 ipsos
499 1723 653 1749 dimicatum,
665 1730 743 1753 quum
754 1722 794 1748 alii
807 1723 836 1747 ad
854 1724 885 1753 se,
897 1723 936 1747 alii
953 1723 983 1746 ad
1000 1723 1050 1746 Eu-

193 1762 290 1779 menem
302 1755 425 1779 civitatem
437 1756 564 1785 traherent,
577 1762 616 1786 39,
630 1762 669 1786 34.
