<?xml version="1.0" encoding="UTF-8"?>
<!DOCTYPE html PUBLIC "-//W3C//DTD XHTML 1.0 Transitional//EN"
    "http://www.w3.org/TR/xhtml1/DTD/xhtml1-transitional.dtd">
<html xmlns="http://www.w3.org/1999/xhtml" xml:lang="en" lang="en">
 <head>
  <title>
</title>
<meta http-equiv="Content-Type" content="text/html;charset=utf-8" />
  <meta name='ocr-system' content='tesseract 3.04.00' />
  <meta name='ocr-capabilities' content='ocr_page ocr_carea ocr_par ocr_line ocrx_word'/>
</head>
<body>
  <div class='ocr_page' id='page_1' title='image "./historiarumquaes06livyuoft_0290.png"; bbox 0 0 1151 1988; ppageno 0'>
   <div class='ocr_carea' id='block_1_1' title="bbox 170 66 863 104">
    <p class='ocr_par' dir='ltr' id='par_1_1' title="bbox 170 66 863 104">
     <span class='ocr_line' id='line_1_1' title="bbox 170 66 863 104; baseline 0.007 -6"><span class='ocrx_word' id='word_1_1' title='bbox 170 66 232 99; x_wconf 77' lang='lat'>280</span> <span class='ocrx_word' id='word_1_2' title='bbox 374 77 623 101; x_wconf 84' lang='lat' dir='ltr'>GLOSSARIUM</span> <span class='ocrx_word' id='word_1_3' title='bbox 650 80 863 104; x_wconf 78' lang='lat' dir='ltr'>LIVIANUM.</span> 
     </span>
    </p>
   </div>
   <div class='ocr_carea' id='block_1_2' title="bbox 151 135 1057 1737">
    <p class='ocr_par' dir='ltr' id='par_1_2' title="bbox 201 135 1057 230">
     <span class='ocr_line' id='line_1_2' title="bbox 202 135 1057 172; baseline 0.006 -14"><span class='ocrx_word' id='word_1_4' title='bbox 202 137 251 165; x_wconf 84' lang='lat' dir='ltr'>regi</span> <span class='ocrx_word' id='word_1_5' title='bbox 263 135 354 164; x_wconf 64' lang='lat' dir='ltr'>adjefita</span> <span class='ocrx_word' id='word_1_6' title='bbox 365 137 525 167; x_wconf 79' lang='lat' dir='ltr'>muitiplicare</span> <span class='ocrx_word' id='word_1_7' title='bbox 537 145 638 168; x_wconf 82' lang='lat' dir='ltr'>regnum</span> <span class='ocrx_word' id='word_1_8' title='bbox 647 139 761 163; x_wconf 85' lang='lat' dir='ltr'>Eumenis</span> <span class='ocrx_word' id='word_1_9' title='bbox 771 141 853 170; x_wconf 86' lang='lat' dir='ltr'>potest.</span> <span class='ocrx_word' id='word_1_10' title='bbox 866 140 882 162; x_wconf 73' lang='grc' dir='ltr'>ι’.</span> <span class='ocrx_word' id='word_1_11' title='bbox 895 149 917 172; x_wconf 86' lang='lat' dir='ltr'>q.</span> <span class='ocrx_word' id='word_1_12' title='bbox 929 147 1016 170; x_wconf 74' lang='lat' dir='ltr'>augere.</span> <span class='ocrx_word' id='word_1_13' title='bbox 1027 140 1057 170; x_wconf 82' lang='lat' dir='ltr'>cf.</span> 
     </span>
     <span class='ocr_line' id='line_1_3' title="bbox 201 168 1057 202; baseline 0.005 -12"><span class='ocrx_word' id='word_1_14' title='bbox 201 174 243 197; x_wconf 82' lang='lat'>45,</span> <span class='ocrx_word' id='word_1_15' title='bbox 259 175 295 197; x_wconf 86' lang='lat'>13.</span> <span class='ocrx_word' id='word_1_16' title='bbox 313 168 350 190; x_wconf 82' lang='lat' dir='ltr'>ubi</span> <span class='ocrx_word' id='word_1_17' title='bbox 361 176 461 198; x_wconf 82' lang='lat' dir='ltr'>regnum</span> <span class='ocrx_word' id='word_1_18' title='bbox 473 177 487 193; x_wconf 86' lang='lat' dir='ltr'>a</span> <span class='ocrx_word' id='word_1_19' title='bbox 499 171 588 200; x_wconf 86' lang='lat' dir='ltr'>populo</span> <span class='ocrx_word' id='word_1_20' title='bbox 600 171 672 194; x_wconf 85' lang='lat' dir='ltr'>Rom.</span> <span class='ocrx_word' id='word_1_21' title='bbox 686 178 781 202; x_wconf 85' lang='lat' dir='ltr'>partum</span> <span class='ocrx_word' id='word_1_22' title='bbox 798 172 945 202; x_wconf 61' lang='lat' dir='ltr'>auctumque</span> <span class='ocrx_word' id='word_1_23' title='bbox 957 177 980 195; x_wconf 86' lang='lat' dir='ltr'>et</span> <span class='ocrx_word' id='word_1_24' title='bbox 992 172 1057 195; x_wconf 91' lang='lat' dir='ltr'>mul-</span> 
     </span>
     <span class='ocr_line' id='line_1_4' title="bbox 203 201 441 230; baseline 0 -7"><span class='ocrx_word' id='word_1_25' title='bbox 203 201 339 230; x_wconf 79' lang='lat' dir='ltr'>tiplicatum</span> <span class='ocrx_word' id='word_1_26' title='bbox 351 201 441 224; x_wconf 78' lang='lat' dir='ltr'>dicitur.</span> 
     </span>
    </p>

    <p class='ocr_par' dir='ltr' id='par_1_3' title="bbox 194 232 1056 296">
     <span class='ocr_line' id='line_1_5' title="bbox 235 232 1056 267; baseline 0.005 -13"><span class='ocrx_word' id='word_1_27' title='bbox 235 232 400 261; x_wconf 79' lang='lat' dir='ltr'>multiplicatis</span> <span class='ocrx_word' id='word_1_28' title='bbox 419 233 519 256; x_wconf 86' lang='lat' dir='ltr'>summis</span> <span class='ocrx_word' id='word_1_29' title='bbox 536 235 677 263; x_wconf 82' lang='lat' dir='ltr'>honoribus,</span> <span class='ocrx_word' id='word_1_30' title='bbox 690 244 714 266; x_wconf 92' lang='lat'>9,</span> <span class='ocrx_word' id='word_1_31' title='bbox 728 236 767 259; x_wconf 77' lang='lat'>26.</span> <span class='ocrx_word' id='word_1_32' title='bbox 789 236 810 259; x_wconf 81' lang='lat' dir='ltr'>h.</span> <span class='ocrx_word' id='word_1_33' title='bbox 831 245 850 259; x_wconf 82' lang='lat' dir='ltr'>e.</span> <span class='ocrx_word' id='word_1_34' title='bbox 866 236 969 266; x_wconf 83' lang='lat' dir='ltr'>pluribus</span> <span class='ocrx_word' id='word_1_35' title='bbox 989 235 1056 267; x_wconf 83' lang='lat' dir='ltr'>iisque</span> 
     </span>
     <span class='ocr_line' id='line_1_6' title="bbox 194 264 516 296; baseline 0.009 -11"><span class='ocrx_word' id='word_1_36' title='bbox 194 265 288 296; x_wconf 69' lang='lat' dir='ltr'>siaemmis</span> <span class='ocrx_word' id='word_1_37' title='bbox 299 264 516 294; x_wconf 70' lang='lat' dir='ltr'>honoribusfimftus.</span> 
     </span>
    </p>

    <p class='ocr_par' dir='ltr' id='par_1_4' title="bbox 233 296 809 326">
     <span class='ocr_line' id='line_1_7' title="bbox 233 296 809 326; baseline 0.007 -8"><span class='ocrx_word' id='word_1_38' title='bbox 233 296 389 326; x_wconf 69' lang='lat' dir='ltr'><em>multiplicatio</em></span> <span class='ocrx_word' id='word_1_39' title='bbox 402 304 521 326; x_wconf 83' lang='lat' dir='ltr'>augurum</span> <span class='ocrx_word' id='word_1_40' title='bbox 533 302 556 320; x_wconf 88' lang='lat' dir='ltr'>et</span> <span class='ocrx_word' id='word_1_41' title='bbox 568 299 721 326; x_wconf 77' lang='lat' dir='ltr'>pontificum,</span> <span class='ocrx_word' id='word_1_42' title='bbox 738 306 773 325; x_wconf 83' lang='lat'>10,</span> <span class='ocrx_word' id='word_1_43' title='bbox 786 300 809 322; x_wconf 86' lang='lat'>6.</span> 
     </span>
    </p>

    <p class='ocr_par' dir='ltr' id='par_1_5' title="bbox 168 328 1056 361">
     <span class='ocr_line' id='line_1_8' title="bbox 168 328 1056 361; baseline 0.003 -10"><span class='ocrx_word' id='word_1_44' title='bbox 168 328 378 356; x_wconf 84' lang='lat' dir='ltr'>MULT1TUDO,</span> <span class='ocrx_word' id='word_1_45' title='bbox 398 336 420 356; x_wconf 82' lang='lat'>2,</span> <span class='ocrx_word' id='word_1_46' title='bbox 438 335 478 359; x_wconf 85' lang='lat'>45.</span> <span class='ocrx_word' id='word_1_47' title='bbox 502 330 619 359; x_wconf 72' lang='lat' dir='ltr'>imperitae</span> <span class='ocrx_word' id='word_1_48' title='bbox 641 331 803 354; x_wconf 85' lang='lat' dir='ltr'>multitudinis</span> <span class='ocrx_word' id='word_1_49' title='bbox 826 339 892 355; x_wconf 90' lang='lat' dir='ltr'>nunc</span> <span class='ocrx_word' id='word_1_50' title='bbox 915 332 1056 361; x_wconf 82' lang='lat' dir='ltr'>indignatio,</span> 
     </span>
    </p>

    <p class='ocr_par' dir='ltr' id='par_1_6' title="bbox 200 361 579 391">
     <span class='ocr_line' id='line_1_9' title="bbox 200 361 579 391; baseline 0 -7"><span class='ocrx_word' id='word_1_51' title='bbox 200 368 266 384; x_wconf 88' lang='lat' dir='ltr'>nunc</span> <span class='ocrx_word' id='word_1_52' title='bbox 279 361 364 391; x_wconf 83' lang='lat' dir='ltr'>pudor,</span> <span class='ocrx_word' id='word_1_53' title='bbox 377 361 471 390; x_wconf 63' lang='lat' dir='ltr'>peetora</span> <span class='ocrx_word' id='word_1_54' title='bbox 482 362 579 385; x_wconf 84' lang='lat' dir='ltr'>versare.</span> 
     </span>
    </p>

    <p class='ocr_par' dir='ltr' id='par_1_7' title="bbox 231 393 726 423">
     <span class='ocr_line' id='line_1_10' title="bbox 231 393 726 423; baseline 0.002 -8"><span class='ocrx_word' id='word_1_55' title='bbox 231 393 370 415; x_wconf 76' lang='lat' dir='ltr'>abundante</span> <span class='ocrx_word' id='word_1_56' title='bbox 383 393 474 416; x_wconf 83' lang='lat' dir='ltr'>Lavinii</span> <span class='ocrx_word' id='word_1_57' title='bbox 487 393 652 422; x_wconf 83' lang='lat' dir='ltr'>multitudine,</span> <span class='ocrx_word' id='word_1_58' title='bbox 668 401 690 422; x_wconf 86' lang='lat'>1,</span> <span class='ocrx_word' id='word_1_59' title='bbox 704 401 726 423; x_wconf 81' lang='lat'>3.</span> 
     </span>
    </p>

    <p class='ocr_par' dir='ltr' id='par_1_8' title="bbox 230 425 888 458">
     <span class='ocr_line' id='line_1_11' title="bbox 230 425 888 458; baseline 0.005 -11"><span class='ocrx_word' id='word_1_60' title='bbox 230 425 371 454; x_wconf 73' lang='lat' dir='ltr'>asperiorem</span> <span class='ocrx_word' id='word_1_61' title='bbox 384 425 506 448; x_wconf 80' lang='lat' dir='ltr'>domando</span> <span class='ocrx_word' id='word_1_62' title='bbox 518 426 701 449; x_wconf 83' lang='lat' dir='ltr'>multitudinem</span> <span class='ocrx_word' id='word_1_63' title='bbox 712 426 799 454; x_wconf 72' lang='lat' dir='ltr'>fecisse,</span> <span class='ocrx_word' id='word_1_64' title='bbox 813 434 836 456; x_wconf 83' lang='lat'>3,</span> <span class='ocrx_word' id='word_1_65' title='bbox 850 429 888 458; x_wconf 81' lang='lat'>69.</span> 
     </span>
    </p>

    <p class='ocr_par' dir='ltr' id='par_1_9' title="bbox 198 457 1054 520">
     <span class='ocr_line' id='line_1_12' title="bbox 229 457 1054 490; baseline 0.004 -11"><span class='ocrx_word' id='word_1_66' title='bbox 229 457 310 480; x_wconf 76' lang='lat' dir='ltr'>omnis</span> <span class='ocrx_word' id='word_1_67' title='bbox 330 457 462 480; x_wconf 86' lang='lat' dir='ltr'>multitudo</span> <span class='ocrx_word' id='word_1_68' title='bbox 480 459 504 480; x_wconf 90' lang='lat' dir='ltr'>in</span> <span class='ocrx_word' id='word_1_69' title='bbox 521 465 599 481; x_wconf 90' lang='lat' dir='ltr'>unum</span> <span class='ocrx_word' id='word_1_70' title='bbox 617 466 693 487; x_wconf 85' lang='lat' dir='ltr'>quum</span> <span class='ocrx_word' id='word_1_71' title='bbox 712 459 866 486; x_wconf 74' lang='lat' dir='ltr'>convenisset,</span> <span class='ocrx_word' id='word_1_72' title='bbox 879 459 995 490; x_wconf 78' lang='lat' dir='ltr'>frequenti</span> <span class='ocrx_word' id='word_1_73' title='bbox 1014 467 1054 489; x_wconf 82' lang='lat' dir='ltr'>ag-</span> 
     </span>
     <span class='ocr_line' id='line_1_13' title="bbox 198 489 901 520; baseline 0.004 -9"><span class='ocrx_word' id='word_1_74' title='bbox 198 489 266 512; x_wconf 87' lang='lat' dir='ltr'>mine</span> <span class='ocrx_word' id='word_1_75' title='bbox 277 494 362 519; x_wconf 80' lang='lat' dir='ltr'>petunt</span> <span class='ocrx_word' id='word_1_76' title='bbox 374 489 530 518; x_wconf 71' lang='lat' dir='ltr'>Thessaliam,</span> <span class='ocrx_word' id='word_1_77' title='bbox 545 497 584 518; x_wconf 83' lang='lat'>32,</span> <span class='ocrx_word' id='word_1_78' title='bbox 601 498 627 513; x_wconf 78' lang='grc' dir='ltr'><em>η</em></span> <span class='ocrx_word' id='word_1_79' title='bbox 654 491 685 520; x_wconf 84' lang='lat' dir='ltr'>cf.</span> <span class='ocrx_word' id='word_1_80' title='bbox 698 492 722 518; x_wconf 93' lang='lat'>6,</span> <span class='ocrx_word' id='word_1_81' title='bbox 738 498 774 520; x_wconf 91' lang='lat'>19.</span> <span class='ocrx_word' id='word_1_82' title='bbox 786 491 811 514; x_wconf 90' lang='lat' dir='ltr'>it.</span> <span class='ocrx_word' id='word_1_83' title='bbox 826 499 848 520; x_wconf 85' lang='lat'>3,</span> <span class='ocrx_word' id='word_1_84' title='bbox 863 499 901 515; x_wconf 83' lang='lat'>21.</span> 
     </span>
    </p>

    <p class='ocr_par' dir='ltr' id='par_1_10' title="bbox 197 520 1054 586">
     <span class='ocr_line' id='line_1_14' title="bbox 230 520 1054 554; baseline 0.004 -11"><span class='ocrx_word' id='word_1_85' title='bbox 230 527 307 544; x_wconf 77' lang='lat' dir='ltr'>cetera</span> <span class='ocrx_word' id='word_1_86' title='bbox 319 520 459 548; x_wconf 84' lang='lat' dir='ltr'>multitudo,</span> <span class='ocrx_word' id='word_1_87' title='bbox 473 530 496 552; x_wconf 86' lang='lat'>9,</span> <span class='ocrx_word' id='word_1_88' title='bbox 510 529 548 552; x_wconf 83' lang='lat'>39.</span> <span class='ocrx_word' id='word_1_89' title='bbox 566 522 592 544; x_wconf 80' lang='lat' dir='ltr'>de</span> <span class='ocrx_word' id='word_1_90' title='bbox 608 522 724 550; x_wconf 79' lang='lat' dir='ltr'>militibus,</span> <span class='ocrx_word' id='word_1_91' title='bbox 736 523 813 554; x_wconf 82' lang='lat' dir='ltr'>quibus</span> <span class='ocrx_word' id='word_1_92' title='bbox 830 523 853 545; x_wconf 81' lang='lat' dir='ltr'>in</span> <span class='ocrx_word' id='word_1_93' title='bbox 869 523 961 553; x_wconf 81' lang='lat' dir='ltr'>ancipiti</span> <span class='ocrx_word' id='word_1_94' title='bbox 974 523 1054 554; x_wconf 74' lang='lat' dir='ltr'>proelio</span> 
     </span>
     <span class='ocr_line' id='line_1_15' title="bbox 197 553 596 586; baseline 0.003 -11"><span class='ocrx_word' id='word_1_95' title='bbox 197 554 288 586; x_wconf 73' lang='lat' dir='ltr'>equites,</span> <span class='ocrx_word' id='word_1_96' title='bbox 302 558 326 575; x_wconf 86' lang='lat' dir='ltr'>ut</span> <span class='ocrx_word' id='word_1_97' title='bbox 332 553 427 583; x_wconf 79' lang='lat' dir='ltr'>pedites,</span> <span class='ocrx_word' id='word_1_98' title='bbox 432 553 596 584; x_wconf 70' lang='lat' dir='ltr'>fitecurrerant.</span> 
     </span>
    </p>

    <p class='ocr_par' dir='ltr' id='par_1_11' title="bbox 197 585 1054 649">
     <span class='ocr_line' id='line_1_16' title="bbox 229 585 1054 616; baseline 0 -7"><span class='ocrx_word' id='word_1_99' title='bbox 229 586 259 609; x_wconf 84' lang='lat' dir='ltr'>ad</span> <span class='ocrx_word' id='word_1_100' title='bbox 272 585 453 608; x_wconf 81' lang='lat' dir='ltr'>multitudinem</span> <span class='ocrx_word' id='word_1_101' title='bbox 465 587 645 616; x_wconf 83' lang='lat' dir='ltr'>castigationem</span> <span class='ocrx_word' id='word_1_102' title='bbox 657 586 709 609; x_wconf 84' lang='lat' dir='ltr'>satis</span> <span class='ocrx_word' id='word_1_103' title='bbox 721 586 775 614; x_wconf 80' lang='lat' dir='ltr'>effe,</span> <span class='ocrx_word' id='word_1_104' title='bbox 788 587 827 615; x_wconf 89' lang='lat'>28,</span> <span class='ocrx_word' id='word_1_105' title='bbox 841 588 879 611; x_wconf 84' lang='lat'>26.</span> <span class='ocrx_word' id='word_1_106' title='bbox 896 587 1003 609; x_wconf 77' lang='lat' dir='ltr'>militibus</span> <span class='ocrx_word' id='word_1_107' title='bbox 1013 587 1054 610; x_wconf 78' lang='lat' dir='ltr'>du-</span> 
     </span>
     <span class='ocr_line' id='line_1_17' title="bbox 197 617 444 649; baseline -0.004 -9"><span class='ocrx_word' id='word_1_108' title='bbox 197 625 229 640; x_wconf 82' lang='lat' dir='ltr'>ces</span> <span class='ocrx_word' id='word_1_109' title='bbox 234 617 350 649; x_wconf 69' lang='lat' dir='ltr'>seditionis</span> <span class='ocrx_word' id='word_1_110' title='bbox 354 617 444 647; x_wconf 72' lang='lat' dir='ltr'>ficutix.</span> 
     </span>
    </p>

    <p class='ocr_par' dir='ltr' id='par_1_12' title="bbox 195 649 1052 745">
     <span class='ocr_line' id='line_1_18' title="bbox 228 649 1052 681; baseline 0.002 -10"><span class='ocrx_word' id='word_1_111' title='bbox 228 649 456 679; x_wconf 78' lang='lat' dir='ltr'>quum—discedere</span> <span class='ocrx_word' id='word_1_112' title='bbox 468 650 577 672; x_wconf 82' lang='lat' dir='ltr'>senatum</span> <span class='ocrx_word' id='word_1_113' title='bbox 589 650 619 672; x_wconf 85' lang='lat' dir='ltr'>ab</span> <span class='ocrx_word' id='word_1_114' title='bbox 632 650 653 672; x_wconf 91' lang='lat' dir='ltr'>se</span> <span class='ocrx_word' id='word_1_115' title='bbox 665 650 781 677; x_wconf 71' lang='lat' dir='ltr'>vetuisset,</span> <span class='ocrx_word' id='word_1_116' title='bbox 795 651 892 681; x_wconf 79' lang='lat' dir='ltr'>stipatus</span> <span class='ocrx_word' id='word_1_117' title='bbox 903 658 931 673; x_wconf 85' lang='lat' dir='ltr'>ea</span> <span class='ocrx_word' id='word_1_118' title='bbox 942 651 1052 674; x_wconf 89' lang='lat' dir='ltr'>multitu-</span> 
     </span>
     <span class='ocr_line' id='line_1_19' title="bbox 196 681 1051 713; baseline 0 -8"><span class='ocrx_word' id='word_1_119' title='bbox 196 682 251 705; x_wconf 87' lang='lat' dir='ltr'>dine</span> <span class='ocrx_word' id='word_1_120' title='bbox 269 687 314 704; x_wconf 77' lang='lat' dir='ltr'>ete.</span> <span class='ocrx_word' id='word_1_121' title='bbox 334 682 358 709; x_wconf 87' lang='grc'>6,</span> <span class='ocrx_word' id='word_1_122' title='bbox 373 688 409 711; x_wconf 76' lang='lat'>15.</span> <span class='ocrx_word' id='word_1_123' title='bbox 428 682 488 711; x_wconf 83' lang='lat' dir='ltr'>Ergo</span> <span class='ocrx_word' id='word_1_124' title='bbox 507 681 622 711; x_wconf 74' lang='lat' dir='ltr'>desertam</span> <span class='ocrx_word' id='word_1_125' title='bbox 639 682 754 705; x_wconf 81' lang='lat' dir='ltr'>multitudo</span> <span class='ocrx_word' id='word_1_126' title='bbox 771 683 838 705; x_wconf 64' lang='lat' dir='ltr'>dicta.</span> <span class='ocrx_word' id='word_1_127' title='bbox 851 684 882 713; x_wconf 71' lang='lat' dir='ltr'>tf.</span> <span class='ocrx_word' id='word_1_128' title='bbox 898 691 919 712; x_wconf 84' lang='lat'>1,</span> <span class='ocrx_word' id='word_1_129' title='bbox 933 689 955 711; x_wconf 91' lang='lat'>7.</span> <span class='ocrx_word' id='word_1_130' title='bbox 976 683 1051 705; x_wconf 77' lang='lat' dir='ltr'>rabide</span> 
     </span>
     <span class='ocr_line' id='line_1_20' title="bbox 195 713 379 745; baseline -0.011 -9"><span class='ocrx_word' id='word_1_131' title='bbox 195 713 278 745; x_wconf 78' lang='lat' dir='ltr'>afficlis</span> <span class='ocrx_word' id='word_1_132' title='bbox 289 713 379 735; x_wconf 81' lang='lat' dir='ltr'>dicitur.</span> 
     </span>
    </p>

    <p class='ocr_par' dir='ltr' id='par_1_13' title="bbox 163 745 738 773">
     <span class='ocr_line' id='line_1_21' title="bbox 163 745 738 773; baseline -0.002 -4"><span class='ocrx_word' id='word_1_133' title='bbox 163 746 290 772; x_wconf 85' lang='lat' dir='ltr'>MULTO‚</span> <span class='ocrx_word' id='word_1_134' title='bbox 307 753 327 773; x_wconf 82' lang='lat' dir='ltr'>i,</span> <span class='ocrx_word' id='word_1_135' title='bbox 344 753 379 767; x_wconf 87' lang='lat'>11.</span> <span class='ocrx_word' id='word_1_136' title='bbox 396 745 488 768; x_wconf 90' lang='lat' dir='ltr'>bellum</span> <span class='ocrx_word' id='word_1_137' title='bbox 502 745 579 768; x_wconf 78' lang='lat' dir='ltr'>multo</span> <span class='ocrx_word' id='word_1_138' title='bbox 591 746 738 769; x_wconf 84' lang='lat' dir='ltr'>maximum.</span> 
     </span>
    </p>

    <p class='ocr_par' dir='ltr' id='par_1_14' title="bbox 163 777 1050 841">
     <span class='ocr_line' id='line_1_22' title="bbox 163 777 1050 806; baseline 0.001 -5"><span class='ocrx_word' id='word_1_139' title='bbox 163 778 308 806; x_wconf 85' lang='lat' dir='ltr'>MULTUS,</span> <span class='ocrx_word' id='word_1_140' title='bbox 324 785 346 806; x_wconf 84' lang='lat'>3,</span> <span class='ocrx_word' id='word_1_141' title='bbox 360 778 400 800; x_wconf 88' lang='lat'>60.</span> <span class='ocrx_word' id='word_1_142' title='bbox 418 777 495 800; x_wconf 80' lang='lat' dir='ltr'>multa</span> <span class='ocrx_word' id='word_1_143' title='bbox 506 778 618 800; x_wconf 81' lang='lat' dir='ltr'>dies—ab</span> <span class='ocrx_word' id='word_1_144' title='bbox 635 778 681 800; x_wconf 84' lang='lat' dir='ltr'>sole</span> <span class='ocrx_word' id='word_1_145' title='bbox 693 783 744 801; x_wconf 88' lang='lat' dir='ltr'>orto</span> <span class='ocrx_word' id='word_1_146' title='bbox 756 778 781 801; x_wconf 92' lang='lat' dir='ltr'>in</span> <span class='ocrx_word' id='word_1_147' title='bbox 793 778 899 801; x_wconf 83' lang='lat' dir='ltr'>multum</span> <span class='ocrx_word' id='word_1_148' title='bbox 911 779 957 801; x_wconf 87' lang='lat' dir='ltr'>diei</span> <span class='ocrx_word' id='word_1_149' title='bbox 969 779 1050 802; x_wconf 77' lang='lat' dir='ltr'>stetere</span> 
     </span>
     <span class='ocr_line' id='line_1_23' title="bbox 195 810 1024 841; baseline 0.001 -8"><span class='ocrx_word' id='word_1_150' title='bbox 195 811 219 833; x_wconf 91' lang='lat' dir='ltr'>in</span> <span class='ocrx_word' id='word_1_151' title='bbox 232 811 292 836; x_wconf 80' lang='lat' dir='ltr'>acie,</span> <span class='ocrx_word' id='word_1_152' title='bbox 307 816 346 837; x_wconf 86' lang='lat'>27,</span> <span class='ocrx_word' id='word_1_153' title='bbox 361 817 381 832; x_wconf 84' lang='lat'>2.</span> <span class='ocrx_word' id='word_1_154' title='bbox 401 810 431 839; x_wconf 61' lang='lat' dir='ltr'>gf.</span> <span class='ocrx_word' id='word_1_155' title='bbox 445 817 467 838; x_wconf 83' lang='lat'>9,</span> <span class='ocrx_word' id='word_1_156' title='bbox 480 810 584 838; x_wconf 84' lang='lat' dir='ltr'>44.—ad</span> <span class='ocrx_word' id='word_1_157' title='bbox 597 810 703 833; x_wconf 81' lang='lat' dir='ltr'>multum</span> <span class='ocrx_word' id='word_1_158' title='bbox 715 810 771 837; x_wconf 83' lang='lat' dir='ltr'>diei,</span> <span class='ocrx_word' id='word_1_159' title='bbox 786 818 824 837; x_wconf 83' lang='lat'>22,</span> <span class='ocrx_word' id='word_1_160' title='bbox 836 817 876 841; x_wconf 85' lang='lat'>45.</span> <span class='ocrx_word' id='word_1_161' title='bbox 894 811 920 834; x_wconf 84' lang='lat' dir='ltr'>it.</span> <span class='ocrx_word' id='word_1_162' title='bbox 935 819 972 839; x_wconf 81' lang='grc' dir='ltr'>ιο,</span> <span class='ocrx_word' id='word_1_163' title='bbox 985 819 1024 841; x_wconf 80' lang='lat'>32·</span> 
     </span>
    </p>

    <p class='ocr_par' dir='ltr' id='par_1_15' title="bbox 226 842 830 872">
     <span class='ocr_line' id='line_1_24' title="bbox 226 842 830 872; baseline -0.002 -6"><span class='ocrx_word' id='word_1_164' title='bbox 226 842 304 866; x_wconf 84' lang='lat' dir='ltr'>multa</span> <span class='ocrx_word' id='word_1_165' title='bbox 317 842 385 864; x_wconf 69' lang='lat' dir='ltr'>nosse</span> <span class='ocrx_word' id='word_1_166' title='bbox 398 842 477 864; x_wconf 85' lang='lat' dir='ltr'>solitus</span> <span class='ocrx_word' id='word_1_167' title='bbox 489 847 537 864; x_wconf 83' lang='lat' dir='ltr'>erat</span> <span class='ocrx_word' id='word_1_168' title='bbox 550 849 644 865; x_wconf 78' lang='lat' dir='ltr'>movere</span> <span class='ocrx_word' id='word_1_169' title='bbox 657 843 740 870; x_wconf 77' lang='lat' dir='ltr'>castra,</span> <span class='ocrx_word' id='word_1_170' title='bbox 754 849 794 872; x_wconf 78' lang='lat'>35,</span> <span class='ocrx_word' id='word_1_171' title='bbox 806 850 830 872; x_wconf 74' lang='lat'>4.</span> 
     </span>
    </p>

    <p class='ocr_par' dir='ltr' id='par_1_16' title="bbox 226 874 614 903">
     <span class='ocr_line' id='line_1_25' title="bbox 226 874 614 903; baseline -0.003 -6"><span class='ocrx_word' id='word_1_172' title='bbox 226 874 304 897; x_wconf 77' lang='lat' dir='ltr'>multa</span> <span class='ocrx_word' id='word_1_173' title='bbox 313 874 365 902; x_wconf 87' lang='lat' dir='ltr'>jam</span> <span class='ocrx_word' id='word_1_174' title='bbox 378 874 440 896; x_wconf 77' lang='lat' dir='ltr'>edita</span> <span class='ocrx_word' id='word_1_175' title='bbox 451 874 524 900; x_wconf 75' lang='lat' dir='ltr'>caede,</span> <span class='ocrx_word' id='word_1_176' title='bbox 538 880 562 903; x_wconf 79' lang='lat'>5,</span> <span class='ocrx_word' id='word_1_177' title='bbox 576 881 614 897; x_wconf 78' lang='grc' dir='ltr'>ιι.</span> 
     </span>
    </p>

    <p class='ocr_par' dir='ltr' id='par_1_17' title="bbox 192 906 1048 968">
     <span class='ocr_line' id='line_1_26' title="bbox 226 906 1048 937; baseline 0.002 -9"><span class='ocrx_word' id='word_1_178' title='bbox 226 907 393 935; x_wconf 80' lang='lat' dir='ltr'>magnitudine</span> <span class='ocrx_word' id='word_1_179' title='bbox 411 906 503 935; x_wconf 82' lang='lat' dir='ltr'>imperii</span> <span class='ocrx_word' id='word_1_180' title='bbox 523 913 571 935; x_wconf 85' lang='lat' dir='ltr'>quo</span> <span class='ocrx_word' id='word_1_181' title='bbox 589 906 693 928; x_wconf 82' lang='lat' dir='ltr'>multam</span> <span class='ocrx_word' id='word_1_182' title='bbox 708 907 832 936; x_wconf 85' lang='lat' dir='ltr'>quondam</span> <span class='ocrx_word' id='word_1_183' title='bbox 848 907 957 937; x_wconf 78' lang='lat' dir='ltr'>Europae,</span> <span class='ocrx_word' id='word_1_184' title='bbox 970 906 1048 935; x_wconf 86' lang='lat' dir='ltr'>majo-</span> 
     </span>
     <span class='ocr_line' id='line_1_27' title="bbox 192 938 778 968; baseline 0 -7"><span class='ocrx_word' id='word_1_185' title='bbox 192 946 242 961; x_wconf 83' lang='lat' dir='ltr'>rem</span> <span class='ocrx_word' id='word_1_186' title='bbox 257 945 347 968; x_wconf 73' lang='lat' dir='ltr'>partem</span> <span class='ocrx_word' id='word_1_187' title='bbox 361 938 430 964; x_wconf 79' lang='lat' dir='ltr'><strong>Afiae,</strong></span> <span class='ocrx_word' id='word_1_188' title='bbox 443 938 595 960; x_wconf 85' lang='lat' dir='ltr'>obtinuerant</span> <span class='ocrx_word' id='word_1_189' title='bbox 608 939 689 966; x_wconf 74' lang='lat' dir='ltr'>armis,</span> <span class='ocrx_word' id='word_1_190' title='bbox 703 945 741 967; x_wconf 82' lang='lat'>31,</span> <span class='ocrx_word' id='word_1_191' title='bbox 758 946 778 961; x_wconf 87' lang='lat'>1.</span> 
     </span>
    </p>

    <p class='ocr_par' dir='ltr' id='par_1_18' title="bbox 224 970 780 999">
     <span class='ocr_line' id='line_1_28' title="bbox 224 970 780 999; baseline 0 -6"><span class='ocrx_word' id='word_1_192' title='bbox 224 973 332 994; x_wconf 73' lang='lat' dir='ltr'>muitum</span> <span class='ocrx_word' id='word_1_193' title='bbox 344 975 367 992; x_wconf 86' lang='lat' dir='ltr'>et</span> <span class='ocrx_word' id='word_1_194' title='bbox 379 970 487 992; x_wconf 72' lang='lat' dir='ltr'>consules</span> <span class='ocrx_word' id='word_1_195' title='bbox 500 970 521 992; x_wconf 85' lang='lat' dir='ltr'>se</span> <span class='ocrx_word' id='word_1_196' title='bbox 533 970 692 998; x_wconf 82' lang='lat' dir='ltr'>abstinebant,</span> <span class='ocrx_word' id='word_1_197' title='bbox 707 978 729 999; x_wconf 76' lang='lat'>3,</span> <span class='ocrx_word' id='word_1_198' title='bbox 744 978 780 993; x_wconf 87' lang='lat'>11.</span> 
     </span>
    </p>

    <p class='ocr_par' dir='ltr' id='par_1_19' title="bbox 224 1002 1044 1033">
     <span class='ocr_line' id='line_1_29' title="bbox 224 1002 1044 1033; baseline 0.001 -8"><span class='ocrx_word' id='word_1_199' title='bbox 224 1003 239 1025; x_wconf 80' lang='lat' dir='ltr'>si</span> <span class='ocrx_word' id='word_1_200' title='bbox 252 1003 310 1025; x_wconf 78' lang='lat' dir='ltr'>forte</span> <span class='ocrx_word' id='word_1_201' title='bbox 324 1003 376 1030; x_wconf 89' lang='lat' dir='ltr'>jam</span> <span class='ocrx_word' id='word_1_202' title='bbox 393 1002 460 1024; x_wconf 78' lang='lat' dir='ltr'>satias</span> <span class='ocrx_word' id='word_1_203' title='bbox 477 1003 564 1024; x_wconf 81' lang='lat' dir='ltr'>amoris</span> <span class='ocrx_word' id='word_1_204' title='bbox 582 1003 606 1024; x_wconf 87' lang='lat' dir='ltr'>in</span> <span class='ocrx_word' id='word_1_205' title='bbox 624 1009 697 1025; x_wconf 82' lang='lat' dir='ltr'>uxore</span> <span class='ocrx_word' id='word_1_206' title='bbox 714 1010 744 1026; x_wconf 86' lang='lat' dir='ltr'>ex</span> <span class='ocrx_word' id='word_1_207' title='bbox 761 1003 838 1026; x_wconf 86' lang='lat' dir='ltr'>multa</span> <span class='ocrx_word' id='word_1_208' title='bbox 854 1003 924 1033; x_wconf 87' lang='lat' dir='ltr'>copia</span> <span class='ocrx_word' id='word_1_209' title='bbox 941 1003 1044 1033; x_wconf 74' lang='lat' dir='ltr'>cepisset,</span> 
     </span>
    </p>

    <p class='ocr_par' dir='ltr' id='par_1_20' title="bbox 193 1042 718 1095">
     <span class='ocr_line' id='line_1_30' title="bbox 209 1042 268 1061; baseline -0.034 -3"><span class='ocrx_word' id='word_1_210' title='bbox 209 1042 232 1061; x_wconf 83' lang='grc' dir='ltr'>ο,</span> <span class='ocrx_word' id='word_1_211' title='bbox 264 1052 268 1056; x_wconf 98' lang='grc'>.</span> 
     </span>
     <span class='ocr_line' id='line_1_31' title="bbox 193 1042 718 1095; baseline -0.002 -6"><span class='ocrx_word' id='word_1_212' title='bbox 193 1042 204 1064; x_wconf 71' lang='lat'><strong>³</strong></span> <span class='ocrx_word' id='word_1_213' title='bbox 223 1042 287 1089; x_wconf 55' lang='lat' dir='ltr'>hgud</span> <span class='ocrx_word' id='word_1_214' title='bbox 300 1066 405 1088; x_wconf 80' lang='lat' dir='ltr'>muitum</span> <span class='ocrx_word' id='word_1_215' title='bbox 419 1066 488 1093; x_wconf 80' lang='lat' dir='ltr'>infra,</span> <span class='ocrx_word' id='word_1_216' title='bbox 502 1071 525 1094; x_wconf 85' lang='lat'>5,</span> <span class='ocrx_word' id='word_1_217' title='bbox 539 1071 576 1094; x_wconf 81' lang='lat'>37.</span> <span class='ocrx_word' id='word_1_218' title='bbox 592 1070 631 1095; x_wconf 81' lang='lat' dir='ltr'>pro</span> <span class='ocrx_word' id='word_1_219' title='bbox 643 1066 718 1088; x_wconf 80' lang='lat' dir='ltr'>multo.</span> 
     </span>
    </p>

    <p class='ocr_par' dir='ltr' id='par_1_21' title="bbox 158 1098 1044 1153">
     <span class='ocr_line' id='line_1_32' title="bbox 158 1098 1044 1128; baseline -0.001 -6"><span class='ocrx_word' id='word_1_220' title='bbox 158 1099 312 1126; x_wconf 83' lang='lat' dir='ltr'>MUNDUS,</span> <span class='ocrx_word' id='word_1_221' title='bbox 326 1099 348 1125; x_wconf 76' lang='lat'>8,</span> <span class='ocrx_word' id='word_1_222' title='bbox 364 1104 400 1127; x_wconf 83' lang='lat'>¹5-</span> <span class='ocrx_word' id='word_1_223' title='bbox 418 1098 516 1120; x_wconf 75' lang='lat' dir='ltr'>Vestalis</span> <span class='ocrx_word' id='word_1_224' title='bbox 528 1098 631 1127; x_wconf 56' lang='lat' dir='ltr'>suspecta</span> <span class='ocrx_word' id='word_1_225' title='bbox 642 1104 736 1128; x_wconf 80' lang='lat' dir='ltr'>propter</span> <span class='ocrx_word' id='word_1_226' title='bbox 748 1099 901 1121; x_wconf 88' lang='lat' dir='ltr'>mundiorem</span> <span class='ocrx_word' id='word_1_227' title='bbox 917 1098 979 1127; x_wconf 83' lang='lat' dir='ltr'>justo</span> <span class='ocrx_word' id='word_1_228' title='bbox 991 1098 1044 1121; x_wconf 89' lang='lat' dir='ltr'>cul-</span> 
     </span>
     <span class='ocr_line' id='line_1_33' title="bbox 190 1137 251 1153; baseline 0 0"><span class='ocrx_word' id='word_1_229' title='bbox 190 1137 251 1153; x_wconf 87' lang='lat' dir='ltr'>tum.</span> 
     </span>
    </p>

    <p class='ocr_par' dir='ltr' id='par_1_22' title="bbox 156 1162 1042 1289">
     <span class='ocr_line' id='line_1_34' title="bbox 156 1162 1041 1190; baseline 0 -5"><span class='ocrx_word' id='word_1_230' title='bbox 156 1162 310 1188; x_wconf 80' lang='lat' dir='ltr'>MUNDUS,</span> <span class='ocrx_word' id='word_1_231' title='bbox 324 1169 363 1190; x_wconf 82' lang='lat'>34.</span> <span class='ocrx_word' id='word_1_232' title='bbox 378 1168 397 1188; x_wconf 87' lang='lat'>7.</span> <span class='ocrx_word' id='word_1_233' title='bbox 416 1162 541 1184; x_wconf 79' lang='lat' dir='ltr'>munditiae</span> <span class='ocrx_word' id='word_1_234' title='bbox 553 1166 575 1183; x_wconf 89' lang='lat' dir='ltr'>et</span> <span class='ocrx_word' id='word_1_235' title='bbox 588 1166 684 1184; x_wconf 78' lang='lat' dir='ltr'>ornatus</span> <span class='ocrx_word' id='word_1_236' title='bbox 696 1167 718 1184; x_wconf 85' lang='lat' dir='ltr'>et</span> <span class='ocrx_word' id='word_1_237' title='bbox 730 1162 819 1190; x_wconf 89' lang='lat' dir='ltr'>cultus,</span> <span class='ocrx_word' id='word_1_238' title='bbox 831 1163 885 1184; x_wconf 80' lang='lat' dir='ltr'>haec</span> <span class='ocrx_word' id='word_1_239' title='bbox 897 1163 1041 1185; x_wconf 78' lang='lat' dir='ltr'>feminarum</span> 
     </span>
     <span class='ocr_line' id='line_1_35' title="bbox 188 1194 1042 1224; baseline 0 -7"><span class='ocrx_word' id='word_1_240' title='bbox 188 1195 286 1224; x_wconf 67' lang='lat' dir='ltr'>insign:</span> <span class='ocrx_word' id='word_1_241' title='bbox 301 1194 352 1216; x_wconf 79' lang='lat' dir='ltr'>sunt</span> <span class='ocrx_word' id='word_1_242' title='bbox 364 1203 368 1216; x_wconf 90' lang='lat'>:</span> <span class='ocrx_word' id='word_1_243' title='bbox 382 1195 418 1216; x_wconf 74' lang='lat' dir='ltr'>his</span> <span class='ocrx_word' id='word_1_244' title='bbox 430 1194 534 1222; x_wconf 76' lang='lat' dir='ltr'>gaudent</span> <span class='ocrx_word' id='word_1_245' title='bbox 547 1201 568 1215; x_wconf 80' lang='lat' dir='ltr'>ei</span> <span class='ocrx_word' id='word_1_246' title='bbox 581 1194 724 1222; x_wconf 84' lang='lat' dir='ltr'>gloriantur:</span> <span class='ocrx_word' id='word_1_247' title='bbox 743 1195 810 1217; x_wconf 92' lang='lat' dir='ltr'>hune</span> <span class='ocrx_word' id='word_1_248' title='bbox 822 1194 943 1217; x_wconf 90' lang='lat' dir='ltr'>mundum</span> <span class='ocrx_word' id='word_1_249' title='bbox 955 1194 1042 1217; x_wconf 77' lang='lat' dir='ltr'>mulie-</span> 
     </span>
     <span class='ocr_line' id='line_1_36' title="bbox 187 1226 1041 1256; baseline 0 -7"><span class='ocrx_word' id='word_1_250' title='bbox 187 1228 254 1249; x_wconf 81' lang='lat' dir='ltr'>brem</span> <span class='ocrx_word' id='word_1_251' title='bbox 267 1226 415 1256; x_wconf 79' lang='lat' dir='ltr'>appellarunt</span> <span class='ocrx_word' id='word_1_252' title='bbox 429 1226 529 1253; x_wconf 72' lang='lat' dir='ltr'>majores</span> <span class='ocrx_word' id='word_1_253' title='bbox 542 1226 621 1248; x_wconf 80' lang='lat' dir='ltr'>nostri.</span> <span class='ocrx_word' id='word_1_254' title='bbox 641 1226 735 1248; x_wconf 65' lang='lat' dir='ltr'>Laxior-e</span> <span class='ocrx_word' id='word_1_255' title='bbox 743 1226 873 1256; x_wconf 70' lang='lat' dir='ltr'>fignfficatu</span> <span class='ocrx_word' id='word_1_256' title='bbox 886 1227 990 1249; x_wconf 91' lang='lat' dir='ltr'>mundus</span> <span class='ocrx_word' id='word_1_257' title='bbox 1004 1227 1041 1249; x_wconf 78' lang='lat' dir='ltr'>hoc</span> 
     </span>
     <span class='ocr_line' id='line_1_37' title="bbox 188 1257 997 1289; baseline 0 -8"><span class='ocrx_word' id='word_1_258' title='bbox 188 1260 230 1281; x_wconf 77' lang='lat' dir='ltr'>loca</span> <span class='ocrx_word' id='word_1_259' title='bbox 242 1259 323 1280; x_wconf 79' lang='lat' dir='ltr'>dicitur</span> <span class='ocrx_word' id='word_1_260' title='bbox 333 1267 340 1287; x_wconf 81' lang='lat'>3</span> <span class='ocrx_word' id='word_1_261' title='bbox 359 1257 414 1279; x_wconf 72' lang='lat' dir='ltr'>alias</span> <span class='ocrx_word' id='word_1_262' title='bbox 425 1257 607 1288; x_wconf 77' lang='lat' dir='ltr'>enimfipamtur</span> <span class='ocrx_word' id='word_1_263' title='bbox 618 1263 673 1280; x_wconf 78' lang='lat' dir='ltr'>certe</span> <span class='ocrx_word' id='word_1_264' title='bbox 685 1267 698 1280; x_wconf 80' lang='lat' dir='ltr'><em>a</em></span> <span class='ocrx_word' id='word_1_265' title='bbox 710 1259 850 1288; x_wconf 53' lang='lat' dir='ltr'>vestimentis.</span> <span class='ocrx_word' id='word_1_266' title='bbox 863 1259 892 1289; x_wconf 77' lang='lat' dir='ltr'>cf.</span> <span class='ocrx_word' id='word_1_267' title='bbox 906 1265 944 1287; x_wconf 83' lang='lat'>32,</span> <span class='ocrx_word' id='word_1_268' title='bbox 958 1266 997 1287; x_wconf 87' lang='lat'>40.</span> 
     </span>
    </p>

    <p class='ocr_par' dir='ltr' id='par_1_23' title="bbox 155 1289 1039 1353">
     <span class='ocr_line' id='line_1_38' title="bbox 155 1289 1039 1319; baseline 0 -5"><span class='ocrx_word' id='word_1_269' title='bbox 155 1291 278 1317; x_wconf 82' lang='lat' dir='ltr'><strong>MUNIA,</strong></span> <span class='ocrx_word' id='word_1_270' title='bbox 295 1298 316 1317; x_wconf 83' lang='lat' dir='ltr'>r,</span> <span class='ocrx_word' id='word_1_271' title='bbox 329 1298 368 1319; x_wconf 79' lang='lat'>42.</span> <span class='ocrx_word' id='word_1_272' title='bbox 387 1289 441 1312; x_wconf 82' lang='lat' dir='ltr'>belli</span> <span class='ocrx_word' id='word_1_273' title='bbox 460 1290 571 1319; x_wconf 80' lang='lat' dir='ltr'>pacisque</span> <span class='ocrx_word' id='word_1_274' title='bbox 589 1291 681 1316; x_wconf 80' lang='lat' dir='ltr'>munia,</span> <span class='ocrx_word' id='word_1_275' title='bbox 694 1297 743 1312; x_wconf 90' lang='lat' dir='ltr'>non</span> <span class='ocrx_word' id='word_1_276' title='bbox 761 1291 859 1316; x_wconf 85' lang='lat' dir='ltr'>viritim,</span> <span class='ocrx_word' id='word_1_277' title='bbox 877 1296 903 1313; x_wconf 88' lang='lat' dir='ltr'>ut</span> <span class='ocrx_word' id='word_1_278' title='bbox 919 1296 984 1319; x_wconf 87' lang='lat' dir='ltr'>ante,</span> <span class='ocrx_word' id='word_1_279' title='bbox 1002 1291 1039 1314; x_wconf 80' lang='lat' dir='ltr'>sed</span> 
     </span>
     <span class='ocr_line' id='line_1_39' title="bbox 187 1322 899 1353; baseline -0.001 -7"><span class='ocrx_word' id='word_1_280' title='bbox 187 1331 228 1353; x_wconf 81' lang='lat' dir='ltr'>pro</span> <span class='ocrx_word' id='word_1_281' title='bbox 239 1323 323 1345; x_wconf 78' lang='lat' dir='ltr'>habitu</span> <span class='ocrx_word' id='word_1_282' title='bbox 337 1323 494 1351; x_wconf 84' lang='lat' dir='ltr'>pecuniarum</span> <span class='ocrx_word' id='word_1_283' title='bbox 507 1322 596 1344; x_wconf 83' lang='lat' dir='ltr'>fierent.</span> <span class='ocrx_word' id='word_1_284' title='bbox 615 1322 645 1352; x_wconf 75' lang='lat' dir='ltr'>‘f-</span> <span class='ocrx_word' id='word_1_285' title='bbox 659 1323 698 1351; x_wconf 76' lang='lat'>36,</span> <span class='ocrx_word' id='word_1_286' title='bbox 712 1329 751 1351; x_wconf 86' lang='lat'>3¹·</span> <span class='ocrx_word' id='word_1_287' title='bbox 768 1323 794 1345; x_wconf 88' lang='lat' dir='ltr'>it.</span> <span class='ocrx_word' id='word_1_288' title='bbox 806 1330 847 1352; x_wconf 78' lang='lat'>44,</span> <span class='ocrx_word' id='word_1_289' title='bbox 859 1329 899 1352; x_wconf 84' lang='lat'>41.</span> 
     </span>
    </p>

    <p class='ocr_par' dir='ltr' id='par_1_24' title="bbox 154 1353 1039 1384">
     <span class='ocr_line' id='line_1_40' title="bbox 154 1353 1039 1384; baseline -0.002 -5"><span class='ocrx_word' id='word_1_290' title='bbox 154 1355 330 1380; x_wconf 83' lang='lat' dir='ltr'><strong>MUNICIPIA</strong></span> <span class='ocrx_word' id='word_1_291' title='bbox 341 1363 354 1376; x_wconf 86' lang='lat' dir='ltr'>a</span> <span class='ocrx_word' id='word_1_292' title='bbox 367 1354 408 1376; x_wconf 77' lang='lat' dir='ltr'>via</span> <span class='ocrx_word' id='word_1_293' title='bbox 421 1353 512 1383; x_wconf 82' lang='lat' dir='ltr'>publica</span> <span class='ocrx_word' id='word_1_294' title='bbox 522 1353 591 1381; x_wconf 64' lang='lat' dir='ltr'>dina,</span> <span class='ocrx_word' id='word_1_295' title='bbox 606 1356 645 1382; x_wconf 79' lang='lat'>26,</span> <span class='ocrx_word' id='word_1_296' title='bbox 659 1356 680 1377; x_wconf 87' lang='lat'>8.</span> <span class='ocrx_word' id='word_1_297' title='bbox 700 1355 785 1384; x_wconf 81' lang='lat' dir='ltr'>Appiae</span> <span class='ocrx_word' id='word_1_298' title='bbox 798 1355 946 1384; x_wconf 83' lang='lat' dir='ltr'>municipia3</span> <span class='ocrx_word' id='word_1_299' title='bbox 967 1360 988 1377; x_wconf 80' lang='lat' dir='ltr'>et</span> <span class='ocrx_word' id='word_1_300' title='bbox 1004 1355 1039 1377; x_wconf 73' lang='lat' dir='ltr'>di-</span> 
     </span>
    </p>

    <p class='ocr_par' dir='ltr' id='par_1_25' title="bbox 203 1386 802 1417">
     <span class='ocr_line' id='line_1_41' title="bbox 203 1386 802 1417; baseline 0 -8"><span class='ocrx_word' id='word_1_301' title='bbox 203 1389 322 1417; x_wconf 75' lang='lat' dir='ltr'>inguuntur</span> <span class='ocrx_word' id='word_1_302' title='bbox 333 1386 360 1408; x_wconf 85' lang='lat' dir='ltr'>ab</span> <span class='ocrx_word' id='word_1_303' title='bbox 373 1386 414 1413; x_wconf 74' lang='lat' dir='ltr'>liis,</span> <span class='ocrx_word' id='word_1_304' title='bbox 427 1393 481 1415; x_wconf 76' lang='lat' dir='ltr'>quae</span> <span class='ocrx_word' id='word_1_305' title='bbox 494 1391 587 1416; x_wconf 84' lang='lat' dir='ltr'>propter</span> <span class='ocrx_word' id='word_1_306' title='bbox 599 1394 652 1409; x_wconf 89' lang='lat' dir='ltr'>eam</span> <span class='ocrx_word' id='word_1_307' title='bbox 666 1388 729 1409; x_wconf 86' lang='lat' dir='ltr'>viam</span> <span class='ocrx_word' id='word_1_308' title='bbox 741 1387 802 1409; x_wconf 79' lang='lat' dir='ltr'>sunt.</span> 
     </span>
    </p>

    <p class='ocr_par' dir='ltr' id='par_1_26' title="bbox 152 1418 1038 1481">
     <span class='ocr_line' id='line_1_42' title="bbox 152 1418 1038 1448; baseline -0.002 -4"><span class='ocrx_word' id='word_1_309' title='bbox 152 1419 348 1444; x_wconf 81' lang='lat' dir='ltr'><strong>MUNIFICUS,</strong></span> <span class='ocrx_word' id='word_1_310' title='bbox 360 1426 384 1447; x_wconf 82' lang='lat'>4,</span> <span class='ocrx_word' id='word_1_311' title='bbox 403 1419 441 1440; x_wconf 88' lang='lat'>60.</span> <span class='ocrx_word' id='word_1_312' title='bbox 466 1423 491 1440; x_wconf 88' lang='lat' dir='ltr'>ut</span> <span class='ocrx_word' id='word_1_313' title='bbox 509 1425 582 1440; x_wconf 86' lang='lat' dir='ltr'>nemo</span> <span class='ocrx_word' id='word_1_314' title='bbox 599 1426 640 1448; x_wconf 89' lang='lat' dir='ltr'>pro</span> <span class='ocrx_word' id='word_1_315' title='bbox 658 1423 708 1441; x_wconf 86' lang='lat' dir='ltr'>tam</span> <span class='ocrx_word' id='word_1_316' title='bbox 726 1418 842 1441; x_wconf 79' lang='lat' dir='ltr'>munifica</span> <span class='ocrx_word' id='word_1_317' title='bbox 861 1419 943 1447; x_wconf 83' lang='lat' dir='ltr'>patria,</span> <span class='ocrx_word' id='word_1_318' title='bbox 961 1419 1038 1442; x_wconf 89' lang='lat' dir='ltr'>donec</span> 
     </span>
     <span class='ocr_line' id='line_1_43' title="bbox 183 1450 1014 1481; baseline -0.001 -7"><span class='ocrx_word' id='word_1_319' title='bbox 183 1452 315 1481; x_wconf 83' lang='lat' dir='ltr'>quidquam</span> <span class='ocrx_word' id='word_1_320' title='bbox 329 1451 416 1472; x_wconf 84' lang='lat' dir='ltr'>virium</span> <span class='ocrx_word' id='word_1_321' title='bbox 429 1450 560 1479; x_wconf 65' lang='lat' dir='ltr'>superesset,</span> <span class='ocrx_word' id='word_1_322' title='bbox 573 1451 664 1480; x_wconf 88' lang='lat' dir='ltr'>corpori</span> <span class='ocrx_word' id='word_1_323' title='bbox 677 1456 718 1473; x_wconf 86' lang='lat' dir='ltr'>aut</span> <span class='ocrx_word' id='word_1_324' title='bbox 731 1451 836 1480; x_wconf 75' lang='lat' dir='ltr'>{anguini</span> <span class='ocrx_word' id='word_1_325' title='bbox 849 1450 890 1472; x_wconf 92' lang='lat' dir='ltr'>suo</span> <span class='ocrx_word' id='word_1_326' title='bbox 903 1455 1014 1480; x_wconf 79' lang='lat' dir='ltr'>parceret.</span> 
     </span>
    </p>

    <p class='ocr_par' dir='ltr' id='par_1_27' title="bbox 151 1482 971 1511">
     <span class='ocr_line' id='line_1_44' title="bbox 151 1482 971 1511; baseline -0.004 -3"><span class='ocrx_word' id='word_1_327' title='bbox 151 1483 403 1509; x_wconf 80' lang='lat' dir='ltr'>MUNIMENTUM,</span> <span class='ocrx_word' id='word_1_328' title='bbox 415 1489 439 1510; x_wconf 87' lang='lat'>9,</span> <span class='ocrx_word' id='word_1_329' title='bbox 454 1487 491 1511; x_wconf 87' lang='lat'>37.</span> <span class='ocrx_word' id='word_1_330' title='bbox 508 1483 573 1511; x_wconf 87' lang='lat' dir='ltr'>quod</span> <span class='ocrx_word' id='word_1_331' title='bbox 585 1482 633 1504; x_wconf 82' lang='lat' dir='ltr'>fine</span> <span class='ocrx_word' id='word_1_332' title='bbox 645 1483 799 1505; x_wconf 87' lang='lat' dir='ltr'>munimento</span> <span class='ocrx_word' id='word_1_333' title='bbox 810 1483 971 1505; x_wconf 80' lang='lat' dir='ltr'>consederant.</span> 
     </span>
    </p>

    <p class='ocr_par' dir='ltr' id='par_1_28' title="bbox 181 1514 1036 1576">
     <span class='ocr_line' id='line_1_45' title="bbox 215 1514 1036 1544; baseline -0.001 -5"><span class='ocrx_word' id='word_1_334' title='bbox 215 1517 247 1539; x_wconf 82' lang='lat' dir='ltr'>ita</span> <span class='ocrx_word' id='word_1_335' title='bbox 259 1515 410 1541; x_wconf 76' lang='lat' dir='ltr'>muniebant,</span> <span class='ocrx_word' id='word_1_336' title='bbox 424 1519 450 1536; x_wconf 93' lang='lat' dir='ltr'>ut</span> <span class='ocrx_word' id='word_1_337' title='bbox 461 1515 575 1544; x_wconf 82' lang='lat' dir='ltr'>ancipitia</span> <span class='ocrx_word' id='word_1_338' title='bbox 587 1515 740 1537; x_wconf 75' lang='lat' dir='ltr'>munimenta</span> <span class='ocrx_word' id='word_1_339' title='bbox 752 1515 834 1542; x_wconf 77' lang='lat' dir='ltr'>essent,</span> <span class='ocrx_word' id='word_1_340' title='bbox 846 1514 892 1537; x_wconf 70' lang='lat' dir='ltr'>aiia</span> <span class='ocrx_word' id='word_1_341' title='bbox 909 1515 933 1537; x_wconf 91' lang='lat' dir='ltr'>in</span> <span class='ocrx_word' id='word_1_342' title='bbox 951 1514 1036 1538; x_wconf 90' lang='lat' dir='ltr'>urbem</span> 
     </span>
     <span class='ocr_line' id='line_1_46' title="bbox 181 1546 794 1576; baseline -0.002 -6"><span class='ocrx_word' id='word_1_343' title='bbox 181 1548 286 1574; x_wconf 84' lang='lat' dir='ltr'>—versa‚</span> <span class='ocrx_word' id='word_1_344' title='bbox 299 1547 350 1569; x_wconf 84' lang='lat' dir='ltr'>aliis</span> <span class='ocrx_word' id='word_1_345' title='bbox 360 1547 424 1568; x_wconf 82' lang='lat' dir='ltr'>frons</span> <span class='ocrx_word' id='word_1_346' title='bbox 436 1547 460 1568; x_wconf 88' lang='lat' dir='ltr'>in</span> <span class='ocrx_word' id='word_1_347' title='bbox 474 1546 592 1569; x_wconf 87' lang='lat' dir='ltr'>Etruriam</span> <span class='ocrx_word' id='word_1_348' title='bbox 605 1547 720 1576; x_wconf 77' lang='lat' dir='ltr'>spectans,</span> <span class='ocrx_word' id='word_1_349' title='bbox 733 1554 757 1576; x_wconf 84' lang='lat'>5,</span> <span class='ocrx_word' id='word_1_350' title='bbox 774 1554 794 1569; x_wconf 88' lang='lat'>1.</span> 
     </span>
    </p>

    <p class='ocr_par' dir='ltr' id='par_1_29' title="bbox 214 1579 782 1609">
     <span class='ocr_line' id='line_1_47' title="bbox 214 1579 782 1609; baseline -0.002 -6"><span class='ocrx_word' id='word_1_351' title='bbox 214 1587 259 1603; x_wconf 89' lang='lat' dir='ltr'>nec</span> <span class='ocrx_word' id='word_1_352' title='bbox 270 1580 293 1601; x_wconf 90' lang='lat' dir='ltr'>vi</span> <span class='ocrx_word' id='word_1_353' title='bbox 307 1586 350 1601; x_wconf 91' lang='lat' dir='ltr'>nec</span> <span class='ocrx_word' id='word_1_354' title='bbox 364 1579 516 1601; x_wconf 82' lang='lat' dir='ltr'>munimento</span> <span class='ocrx_word' id='word_1_355' title='bbox 529 1579 581 1608; x_wconf 77' lang='lat' dir='ltr'>capi</span> <span class='ocrx_word' id='word_1_356' title='bbox 594 1584 694 1607; x_wconf 81' lang='lat' dir='ltr'>peterat,</span> <span class='ocrx_word' id='word_1_357' title='bbox 709 1586 746 1606; x_wconf 82' lang='grc' dir='ltr'>ιο,</span> <span class='ocrx_word' id='word_1_358' title='bbox 759 1587 782 1609; x_wconf 85' lang='grc'>9.</span> 
     </span>
    </p>

    <p class='ocr_par' dir='ltr' id='par_1_30' title="bbox 181 1610 1035 1672">
     <span class='ocr_line' id='line_1_48' title="bbox 213 1610 1035 1641; baseline -0.002 -6"><span class='ocrx_word' id='word_1_359' title='bbox 213 1612 380 1635; x_wconf 83' lang='lat' dir='ltr'>munimentis,</span> <span class='ocrx_word' id='word_1_360' title='bbox 398 1610 485 1639; x_wconf 88' lang='lat' dir='ltr'>quibus</span> <span class='ocrx_word' id='word_1_361' title='bbox 503 1611 611 1640; x_wconf 85' lang='lat' dir='ltr'>sepienda</span> <span class='ocrx_word' id='word_1_362' title='bbox 629 1611 683 1634; x_wconf 85' lang='lat' dir='ltr'>urbs</span> <span class='ocrx_word' id='word_1_363' title='bbox 700 1616 758 1640; x_wconf 80' lang='lat' dir='ltr'>erat,</span> <span class='ocrx_word' id='word_1_364' title='bbox 772 1611 825 1639; x_wconf 87' lang='lat' dir='ltr'>jarn</span> <span class='ocrx_word' id='word_1_365' title='bbox 842 1611 962 1641; x_wconf 84' lang='lat' dir='ltr'>operibus,</span> <span class='ocrx_word' id='word_1_366' title='bbox 979 1617 1035 1641; x_wconf 77' lang='lat' dir='ltr'>quae</span> 
     </span>
     <span class='ocr_line' id='line_1_49' title="bbox 181 1642 601 1672; baseline -0.007 -4"><span class='ocrx_word' id='word_1_367' title='bbox 181 1645 309 1668; x_wconf 80' lang='lat' dir='ltr'>admovere</span> <span class='ocrx_word' id='word_1_368' title='bbox 322 1644 397 1666; x_wconf 82' lang='lat' dir='ltr'>muris</span> <span class='ocrx_word' id='word_1_369' title='bbox 408 1642 514 1672; x_wconf 85' lang='lat' dir='ltr'>parabat,</span> <span class='ocrx_word' id='word_1_370' title='bbox 530 1644 566 1671; x_wconf 73' lang='lat'>38,</span> <span class='ocrx_word' id='word_1_371' title='bbox 579 1650 601 1672; x_wconf 83' lang='lat'>5.</span> 
     </span>
    </p>

    <p class='ocr_par' dir='ltr' id='par_1_31' title="bbox 212 1674 863 1706">
     <span class='ocr_line' id='line_1_50' title="bbox 212 1674 863 1706; baseline -0.002 -7"><span class='ocrx_word' id='word_1_372' title='bbox 212 1677 244 1700; x_wconf 90' lang='lat' dir='ltr'>ob</span> <span class='ocrx_word' id='word_1_373' title='bbox 256 1676 372 1705; x_wconf 83' lang='lat' dir='ltr'>insignem</span> <span class='ocrx_word' id='word_1_374' title='bbox 386 1676 540 1697; x_wconf 87' lang='lat' dir='ltr'>munimento</span> <span class='ocrx_word' id='word_1_375' title='bbox 552 1674 653 1698; x_wconf 74' lang='lat' dir='ltr'>naturali</span> <span class='ocrx_word' id='word_1_376' title='bbox 665 1675 758 1703; x_wconf 89' lang='lat' dir='ltr'>locum,</span> <span class='ocrx_word' id='word_1_377' title='bbox 772 1682 811 1705; x_wconf 82' lang='lat'>24,</span> <span class='ocrx_word' id='word_1_378' title='bbox 826 1683 863 1706; x_wconf 82' lang='lat'>39.</span> 
     </span>
    </p>

    <p class='ocr_par' dir='ltr' id='par_1_32' title="bbox 212 1706 1034 1737">
     <span class='ocr_line' id='line_1_51' title="bbox 212 1706 1034 1737; baseline -0.002 -5"><span class='ocrx_word' id='word_1_379' title='bbox 212 1709 236 1732; x_wconf 88' lang='lat' dir='ltr'>id</span> <span class='ocrx_word' id='word_1_380' title='bbox 255 1709 438 1731; x_wconf 86' lang='lat' dir='ltr'>munimentum</span> <span class='ocrx_word' id='word_1_381' title='bbox 459 1707 586 1737; x_wconf 73' lang='lat' dir='ltr'>(Horatium</span> <span class='ocrx_word' id='word_1_382' title='bbox 606 1706 720 1737; x_wconf 79' lang='lat' dir='ltr'>Coclitem)</span> <span class='ocrx_word' id='word_1_383' title='bbox 743 1707 784 1731; x_wconf 88' lang='lat' dir='ltr'>illo</span> <span class='ocrx_word' id='word_1_384' title='bbox 800 1708 837 1731; x_wconf 84' lang='lat' dir='ltr'>die</span> <span class='ocrx_word' id='word_1_385' title='bbox 857 1707 951 1730; x_wconf 79' lang='lat' dir='ltr'>fortuna</span> <span class='ocrx_word' id='word_1_386' title='bbox 969 1707 1034 1731; x_wconf 83' lang='lat' dir='ltr'>urbis</span> 
     </span>
    </p>
   </div>
   <div class='ocr_carea' id='block_1_3' title="bbox 180 1740 494 1768">
    <p class='ocr_par' dir='ltr' id='par_1_33' title="bbox 180 1740 494 1768">
     <span class='ocr_line' id='line_1_52' title="bbox 180 1740 494 1768; baseline -0.01 -3"><span class='ocrx_word' id='word_1_387' title='bbox 180 1742 297 1765; x_wconf 70' lang='lat' dir='ltr'>Romanae</span> <span class='ocrx_word' id='word_1_388' title='bbox 309 1740 404 1768; x_wconf 83' lang='lat' dir='ltr'>habuit,</span> <span class='ocrx_word' id='word_1_389' title='bbox 419 1747 441 1767; x_wconf 87' lang='lat'>2,</span> <span class='ocrx_word' id='word_1_390' title='bbox 457 1747 494 1763; x_wconf 86' lang='lat'>10.</span> 
     </span>
    </p>
   </div>
   <div class='ocr_carea' id='block_1_4' title="bbox 1139 569 1150 590">
    <p class='ocr_par' dir='ltr' id='par_1_34' title="bbox 1139 569 1150 590">
     <span class='ocr_line' id='line_1_53' title="bbox 1139 569 1150 590; baseline 0 0"><span class='ocrx_word' id='word_1_391' title='bbox 1139 569 1150 590; x_wconf 76' lang='grc' dir='ltr'>Μ</span> 
     </span>
    </p>
   </div>
  </div>
 </body>
</html>
