1151 1988
204 80 259 114 192
401 80 651 106 GL-OSSARIUM
678 81 891 109 LIVIAtNUfM.

264 141 295 163 ibi
314 140 463 170 aliquamdiu
476 147 525 163 ¹nec
542 140 657 164 cessatum
674 139 704 164 ab
721 142 847 170 armisiest,
864 148 909 164 nee
920 142 1027 171 gnaviter
1042 149 1088 172 ptr-

231 179 342 203 gnatum,
357 179 396 203 ro,v
409 179 446 203 3⁴9.

266 206 315 233 sed,
327 205 391 234 quod
407 204 529 233 volebant,
546 211 683 235 nonquam
700 210 820 229 maturato
835 212 896 236 opus
913 210 971 234 erat,
980 206 1091 235 gnaviter

232 238 400 268 expediebant,
412 245 452 267 24,
466 244 478 260 2
483 244 504 266 3.

267 271 327 292 bene
348 277 375 292 ac
396 269 503 298 gnaviter
521 269 664 294 destinarent
683 269 800 299 potiorem
821 269 904 299 populi
924 269 997 294 Rom.
1013 277 1087 300 quarn

233 302 316 329 Persei,
329 302 463 324 amicitiam
473 301 570 329 habere,
581 308 623 331 43,
637 307 660 329 7.

202 334 346 361 GNAVUS,
362 341 385 362 3,
397 341 437 363 4¹·
453 340 560 362 gnavum
573 334 597 355 in
610 332 702 356 malitia
713 333 846 362 ingenium.

203 366 347 393 GRADUS,
361 373 382 394 9.
395 373 435 395 40.
452 366 553 395 gradum
566 365 657 388 inferre.

269 399 341 428 pleno
353 398 426 427 gradu
439 398 468 420 ad
480 398 554 420 castra
565 397 671 420 hostium
683 397 796 424 tendunt,
809 405 833 427 9,
845 402 885 427 45.

267 431 344 453 aciem
362 429 500 452 instructam
518 429 589 459 pleno
600 430 674 458 gradu
691 430 715 452 in
733 430 825 452 hostem
843 430 945 456 inducit,
963 436 989 458 4,
1004 436 1042 458 32.
1059 430 1091 460 ‘f-

237 470 278 492 34,
301 469 336 492 15.
354 462 442 484 [Uedius
459 467 532 484 autem
550 461 640 484 videtur
653 460 731 491 plenus
747 461 829 491 gradus
838 461 911 492 fuiffi·
928 462 985 484 inter
1000 461 1096 491 gradum
1132 463 1134 466 '

237 495 356 517 militarem
378 499 399 516 er
421 494 513 524 curfiem.
534 494 645 516 Modicus
661 493 756 522 dicitur,
780 501 820 523 30,
842 499 864 523 5.
888 493 1000 517 Militaris
1020 499 1094 516 autem

236 527 323 558 preffus
335 532 436 554 vocatur,
451 528 491 554 28,
505 533 542 555 ¹4·

270 560 359 588 ingenti
372 559 445 588 gradu
463 563 562 587 pontem
574 557 690 584 obtinere,
712 565 733 584 2,
755 565 792 580 ro.
810 557 826 580 ι’.
844 567 863 581 e.
880 557 956 580 habim
969 557 1094 588 pugnaturi

237 591 341 622 advttfias
352 590 523 621 aggredientem.
540 590 645 612 Homerus
655 598 663 611 :
679 588 757 620 μακρὰ
768 589 841 616 βιέάς.

269 623 364 645 obnisos
377 630 418 645 vos
430 623 505 645 stabili
517 622 590 652 gradu
603 623 721 651 impeturn
734 622 838 644 hostium
851 622 969 651 excipere,
983 622 1006 649 6,
1022 629 1060 644 12.

270 660 439 684 quantumque
456 654 568 677 Romana
582 654 604 676 se
620 654 712 677 invexit
729 655 801 683 acieS,
819 659 915 677 tanturn
932 655 1009 677 hostes
1021 653 1096 683 gradu

237 688 338 713 demoti,
352 688 376 714 6,
390 694 429 716 32.
446 686 476 717 cf.
489 694 513 715 9,
527 694 565 717 29.

272 720 383 742 conando
400 719 540 748 agendoque
554 718 606 746 jam
624 725 652 740 eo
664 718 764 747 gradum
777 717 854 740 seciss'e
871 717 986 748 plebeios,
1001 717 1098 740 unde—-

238 753 359 782 pervenire
371 752 401 773 ad
413 754 507 773 summa
520 751 620 781 possent,
635 751 657 777 6,
671 757 710 780 35.

272 791 303 806 ex
316 783 429 806 aedilitate
439 783 540 812 gradum
553 783 581 805 ad
594 782 718 805 censuram
731 782 796 809 feeit,
811 788 850 809 27,
864 782 886 804 6.

273 817 394 845 graduque
407 823 434 838 eo
444 815 496 843 jam
509 815 547 838 via
558 814 620 837 {aaa
630 814 661 837 ad
672 814 825 837 consulatum
837 814 968 842 videbatur,
982 813 1006 841 6,
1019 820 1058 843 42·

208 848 343 871 GRAECIA
356 855 441 875 major,
456 854 495 876 31,
511 853 531 875 7.
550 854 592 877 pro
604 847 692 876 Magna
706 846 805 869 Graecia.

208 880 361 907 ΟΒΛΜΕΝ,
382 887 404 906 1,
419 887 456 909 24.
474 888 523 902 voc.
535 878 635 909 generale
652 879 781 901 verbenam
793 877 967 908 comprehendent
984 877 1099 908 etstgnifi-

240 921 298 935 cans.
310 912 359 935 vid.
372 912 453 935 herba.

211 944 380 971 GRASSARI,
401 951 423 972 3,
442 951 481 973 44.
500 943 521 965 se
535 942 589 971 jure
606 943 709 972 grassari,
727 949 777 965 non
795 943 827 965 vi.
845 941 875 969 cf.
891 948 928 970 ro,
949 949 986 971 14.
1002 940 1103 964 consilio
1135 953 1137 968 2

241 977 392 1007 grassandum
406 981 447 1005 pro
454 975 533 1005 fimpl.
553 975 662 997 utendum.
681 974 771 1005 Proprie
787 974 813 996 de
831 983 863 1003 eo,
881 975 919 1005 qui
934 974 1006 1004 gradu
1024 981 1101 1003 magno
1136 970 1138 979 '

241 1009 349 1032 contendit
361 1008 496 1038 acfissirmt‚
509 1013 534 1030 ut
545 1007 568 1029 in
579 1007 616 1029 hoc
624 1016 631 1028 :

275 1041 367 1063 nobiles
379 1041 491 1063 homines
504 1040 528 1062 in
541 1038 704 1068 poffeffionem
717 1039 766 1068 agri
779 1038 870 1068 publici
881 1038 984 1067 graffari,
997 1039 1021 1065 6,
1035 1044 1057 1068 5.

274 1074 336 1095 utin
350 1078 371 1095 te
385 1073 430 1094 hac
443 1073 480 1094 via
492 1072 656 1101 grassaremur‚
671 1078 694 1098 2,
709 1077 746 1094 ιι.

275 1105 349 1127 etiam
361 1105 424 1133 apud
437 1111 478 1126 vos
493 1104 617 1131 (Romanos)
630 1102 696 1125 fuiffe
713 1102 803 1128 audivi,
816 1102 856 1131 qui
869 1101 1007 1124 assentando
1019 1101 1100 1124 multi·
1136 1108 1138 1119 ⁴

244 1138 321 1160 tudini
333 1136 504 1166 grassarentur:
523 1141 546 1157 et
559 1134 668 1158 seceffiffe
684 1134 814 1163 aliquando
825 1142 839 1156 a
856 1134 923 1156 vobis
939 1134 1044 1163 plebem,
1057 1140 1100 1156 nec

243 1171 268 1193 in
280 1170 392 1199 potestate
404 1169 477 1191 vestra
489 1167 665 1197 rempublicam
677 1166 753 1194 fuiffe,
764 1173 806 1196 45,
820 1173 858 1195 23.

277 1209 317 1231 per
328 1201 411 1223 omnia
428 1200 574 1223 clandestina
586 1199 679 1228 grassari
691 1198 777 1222 scelera
793 1197 974 1221 latrociniorum
990 1204 1018 1220 ac
1031 1204 1102 1219 vene-

243 1234 363 1260 ficiorum,
376 1241 417 1263 42,
433 1234 470 1256 18.

211 1266 367 1290 GRATARI,
381 1272 405 1294 9,
415 1272 456 1294 43.
474 1264 579 1286 invicem
593 1264 653 1286 inter
665 1263 686 1285 se
698 1267 826 1292 gratantes.
1138 1279 1151 1290 ,‚

277 1303 359 1320 tecum
382 1297 557 1326 triumphantes
577 1296 662 1318 urbem
684 1295 758 1323 inire;
777 1300 848 1317 tuum
865 1294 988 1323 sequentes
1005 1299 1101 1316 currum
1144 1293 1151 1315 1

244 1331 309 1353 Jovis
321 1330 351 1352 Ο.
365 1330 400 1352 M.
413 1328 533 1358 templum
546 1332 664 1357 gratantes
676 1327 819 1356 ovantesque
830 1327 904 1353 adire,
918 1332 941 1353 7,
957 1333 993 1354 ¹3-
1011 1326 1054 1348 ult.

212 1363 345 1387 GRATIA,
359 1369 398 1390 30,
412 1368 451 1385 21-
468 1367 514 1382 nec
522 1360 576 1387 esse,
590 1360 630 1389 qui
643 1359 687 1381 diis
697 1364 773 1388 grates
783 1359 888 1388 agendas
899 1358 1025 1380 censeant:
1045 1358 1103 1379 adeo

246 1402 276 1417 ne
293 1394 463 1416 advenientem
483 1393 581 1422 quidem
598 1392 699 1420 gratiam
718 1390 845 1421 (praesenn'a
862 1390 974 1420 benficia)
993 1390 1104 1412 homines
1139 1394 1141 1420 ζ

246 1427 350 1455 benigne
362 1426 480 1454 accipere,
492 1424 582 1446 nedum
595 1429 620 1446 ut
633 1424 756 1452 praeteritae
768 1423 821 1445 satis
834 1429 952 1445 memores
965 1421 1017 1444 fint.

277 1458 472 1487 aurum-gratia
481 1457 512 1479 rei
523 1460 631 1485 accepta,
641 1462 691 1478 non
701 1454 814 1484 accepisse
824 1454 943 1485 populum
953 1454 1102 1481 Romanum,

247 1499 276 1514 22
333 1508 338 1513 .

279 1498 311 1545 :15
317 1495 342 1544 i7n
355 1527 462 1551 tempore
473 1525 496 1543 et
507 1520 568 1542 bene
580 1518 732 1542 cumulatam
743 1520 844 1548 gratiam
857 1518 966 1545 referant,
976 1525 1019 1546 ¹24,
1031 1517 1071 1546 48.

279 1555 421 1581 hominum,
439 1560 489 1575 non
506 1551 650 1578 caussarum,
668 1551 711 1573 toti
728 1556 813 1579 erant3
829 1555 856 1572 ut
873 1550 937 1580 apud
953 1556 1014 1579 quos
1032 1548 1104 1579 gratio.
1144 1558 1146 1566 ι

247 1587 296 1610 vim
309 1587 371 1615 aequi
385 1586 490 1613 haberet,
504 1592 525 1613 3,
539 1585 577 1613 36.
596 1584 611 1605 ὶ.
625 1592 643 1606 e.
654 1582 866 1613 partimnstudium.
1140 1600 1141 1607 ,

278 1619 308 1641 ad
320 1619 420 1648 gratiam
433 1624 460 1639 ac
472 1617 609 1643 libidinem,
623 1624 647 1645 9,
662 1622 702 1644 30.
1140 1620 1142 1644 ς

279 1650 317 1679 jus
329 1651 411 1680 gratiae
423 1656 471 1672 non
483 1649 548 1676 dare,
559 1655 601 1676 42,
616 1655 654 1677 24.
1141 1648 1142 1661 ³

279 1683 371 1705 familia
384 1689 423 1711 per
435 1682 536 1711 gratiam
548 1680 716 1703 Romanorum
728 1683 822 1708 potens,
836 1686 848 1701 2
852 1685 875 1707 3,
891 1685 912 1702 r.

280 1715 338 1744 quid
360 1714 434 1741 aliud,
458 1720 542 1743 quarn,
565 1713 684 1741 nusquam
704 1712 780 1741 gratia
801 1709 990 1741 stabili-praeda
1012 1706 1103 1732 victorie
1141 1706 1143 1727 l

250 1747 348 1776 erimus,
363 1754 401 1776 32,
415 1753 454 1770 21.
472 1746 498 1768 de
508 1744 604 1768 concordi
608 1744 723 1777 ficiunt:-
