1151 1988
242 129 494 152 GLossARIUM
522 127 738 151 LIVIANUM·
881 126 946 158 129

105 189 158 220 jam
170 189 250 214 aderat
258 189 351 218 judicio
363 189 421 216 dies,
433 196 456 218 3,
473 196 508 213 12.

107 229 181 252 quem
193 223 257 245 diem
270 222 386 252 patrando
397 222 496 245 facinori
509 222 629 248 statuerat,
643 225 683 250 35,
696 225 734 250 35.

107 255 172 278 diem
186 255 246 278 finiri
260 254 360 284 placuit,
374 259 414 284 35,
429 260 451 283 7.

107 287 148 310 hic
158 287 208 310 dies
219 292 242 309 ct
254 287 372 310 Romanis
384 287 463 309 refecit
476 287 570 309 animos
582 291 605 308 et
622 285 702 308 Persea
718 283 829 314 perculit,
841 290 884 313 42,
897 283 937 311 67.

73 318 90 342 ι’.
103 328 121 342 ι.
133 322 184 342 aeia
194 319 258 350 hujus
270 319 320 343 diri.
334 319 384 342 vid.
396 319 428 341 ihi
442 318 604 341 Drakenborch.
616 318 646 349 :gf
659 325 683 346 9,
697 324 736 348 39·

106 359 210 381 quorum
224 359 268 375 nec
280 352 373 374 virtutis
386 358 430 374 nec
443 352 546 375 fortunae
557 350 607 374 ullo
619 351 656 373 die
672 349 791 380 populum
804 348 877 371 Rom.
889 354 941 378 ραι-

72 384 156 412 nituit,
210 385 246 407 18.

106 416 147 439 ubi
165 391 194 439 ffi'
206 416 320 446 temporis
334 415 422 443 visum,
441 423 490 446 quo
504 415 533 438 de
552 415 590 438 die
608 414 712 445 epulatis
726 414 779 443 jam
797 413 848 437 vini
869 411 938 436 satias

73 449 270 479 principiumque
283 449 359 471 somni
372 448 437 476 efl'et,
450 454 490 478 25,
505 455 543 477 23.
555 448 586 478 ff.
600 455 641 477 23,
654 448 677 470 8.

104 480 270 511 infigncmque
284 480 360 510 (diem)
379 481 412 503 rei
429 480 490 503 nulli
508 480 605 511 publice
622 480 784 510 privatimque
795 477 895 508 agendae
905 477 940 500 fc·

71 519 166 541 cerum,
178 514 203 541 6,
219 521 238 536 ι.
254 511 391 544 (Allienfim)

102 545 167 568 diem
186 546 271 568 festum
288 552 329 575 per
346 545 454 568 triduum
471 545 519 575 agi,
530 551 570 575 25,
585 552 624 574 23.
637 544 653 566 ί.
667 553 685 568 ι.
698 543 788 566 Duker„
802 541 936 575 explicante,

61 577 179 608 fillemm'a
185 577 286 608 plurium
297 577 391 601 dierum.

103 617 180 640 quum
193 610 271 633 Patres
281 610 429 633 clandestina
440 609 629 632 denunciatione
641 607 745 631 revocati
760 607 791 630 ad
808 607 874 630 diem
886 613 938 630 cer-

67 646 118 665 tam
131 642 216 672 essent,
228 651 252 673 4,
264 643 302 672 36.
319 642 405 666 Certus
423 642 473 665 dies
488 650 529 664 non
547 641 639 664 dicitur.
656 640 706 664 vid.
721 639 885 663 Drakenborch.
905 638 937 661 ad

71 674 165 731 lndliem
177 708 206 730 ad
219 707 420 737 proficiscendum
438 707 543 730 nuncius
556 705 652 734 habuit,
665 704 734 728 noste
746 705 824 732 rediit,
840 711 878 732 10,
891 711 932 734 39.

100 740 189 769 quibus
200 740 249 763 dies
262 740 388 770 noetesque
402 739 549 769 fugientibus
569 745 610 768 per
626 738 670 761 hos
691 738 740 761 dies
755 737 877 765 institistis,
892 742 932 764 27,

73 778 80 794 ι
88 779 109 799 3.

37 804 208 832 DlFFERRE,
221 812 260 834 34,
273 812 314 835 49.
326 805 366 834 qui
380 804 443 827 male
455 802 608 826 commissam
619 802 753 825 libertatem
761 800 852 832 populo
860 801 935 824 Rom.

68 837 218 860 sermonibus
230 837 371 860 distulerint.
384 837 400 860 ἱ.
409 846 427 859 e.
440 835 598 866 vulgaverint.

101 868 185 923 pafliim
194 876 235 892 eos
247 869 318 893 fimui
337 876 411 900 pavor
428 875 547 898 terrorque
559 866 708 895 distulerant,
720 867 744 895 6,
756 875 797 897 4²·
809 865 860 890 vid·
874 865 933 890 Gro-

69 909 121 923 nov.
134 910 148 923 a
174 908 198 931 4,
210 908 221 930 3
226 909 248 930 5.

100 933 186 956 differri
200 941 249 956 non
261 933 325 963 posse
336 933 395 956 adeo
407 933 541 956 concitatos
551 932 658 960 animos,
673 937 696 960 7,
711 938 750 962 ¹4·

100 965 188 989 dilatus
200 973 241 995 pei·
252 966 436 991 frustrationem,
449 971 490 995 25,
504 971 542 994 25.

99 1004 122 1020 et
141 998 155 1020 ii
171 997 256 1028 repulfi
277 999 302 1021 in
322 998 386 1028 spem
406 997 550 1028 impetrandi
567 996 667 1019 tandem
684 995 816 1025 aliquando
833 996 934 1019 honoris

67 1029 144 1058 dilati,
160 1038 200 1061 39,
212 1031 280 1060 32.1'.
293 1039 312 1053 e.
324 1030 399 1061 rgjeHi
410 1031 433 1062 s.
450 1029 519 1052 ah'mn
534 1028 660 1059 petitionem
670 1028 726 1059 j¹ff
743 1027 874 1059 exspeeare.
893 1028 932 1052 Sic

67 1068 88 1085 et
98 1070 138 1091 41,
152 1063 175 1086 8.
187 1063 306 1092 legatique
323 1064 353 1086 ad
369 1070 445 1086 novos
458 1062 608 1091 magistratus
619 1060 685 1084 dilati
698 1066 775 1083 erant.
790 1060 821 1091 ⁶f·
838 1062 878 1089 26,
891 1068 930 1091 3³·

68 1101 95 1117 11.
110 1102 148 1119 ΕΙ,

36 1127 216 1155 DlFFlClLlS,
233 1135 272 1155 io,
285 1134 324 1157 34.
336 1126 425 1155 remeia,
437 1134 493 1156 quae
505 1126 610 1156 migratu
622 1125 730 1148 difficilia
741 1124 824 1148 etsent.

99 1160 186 1183 haesere
197 1167 281 1183 omnia
293 1160 339 1182 tela
357 1160 421 1183 haud
439 1159 530 1182 difficili
549 1166 580 1181 ex
598 1158 734 1189 propinquo
752 1159 777 1181 in
795 1162 862 1181 tanta
878 1164 932 1181 cor-

82 1199 122 1214 ora
134 1191 192 1220 ἰέὶυ,
206 1199 246 1220 27,
262 1200 269 1215 1
292 1210 298 1215 .

66 1199 81 1222 p
98 1224 196 1247 difficile
216 1225 247 1248 ad
264 1200 338 1248 fiiiem
355 1225 392 1247 est
405 1224 430 1247 iu
447 1229 498 1247 tam
515 1222 616 1253 antiqua
633 1230 666 1251 re,
683 1228 743 1253 quot
759 1222 928 1253 pugnaverint,

66 1261 113 1279 etc.
126 1263 150 1286 3,
165 1262 188 1286 5.

97 1289 157 1312 adeo
169 1289 302 1312 moderatio
314 1289 410 1311 tuendae
421 1288 535 1311 libertatis
546 1287 606 1310 dum
618 1288 708 1317 aequari
720 1286 782 1310 velle
793 1286 929 1311 fimulando

66 1322 97 1344 ita
116 1321 137 1344 fe
154 1322 254 1351 quilque
273 1321 376 1349 extollit,
396 1326 422 1344 ut
440 1321 558 1351 deprimat
576 1319 663 1349 alium,
685 1320 710 1342 in
730 1319 823 1342 difficili
841 1321 884 1348 est,
907 1327 929 1350 3,

65 1355 104 1378 65.

0 1391 1 1394 ’
31 1385 242 1413 DlFFlNDERE,
262 1393 286 1415 9,
306 1387 344 1415 38.
365 1386 428 1408 triste
445 1392 519 1408 omen
542 1385 608 1407 diem
630 1384 726 1412 diffidit,
743 1383 800 1406 alias
823 1384 929 1408 diremit.
951 1396 954 1398 v

0 1403 1 1446 i
64 1418 121 1441 Sunt
133 1419 200 1441 etiam
212 1419 250 1450 qui
262 1419 355 1441 diffudit
367 1418 450 1448 legant.

32 1451 207 1482 DlGNATlO,
227 1458 247 1476 z,
269 1452 304 1474 16.
322 1451 415 1481 Appius
434 1451 494 1473 inter
510 1450 589 1472 Patres
612 1448 687 1472 Iccius
709 1449 775 1472 haud
798 1448 831 1471 ita
851 1449 929 1472 multo

65 1484 116 1513 post
137 1484 161 1506 in
179 1484 316 1513 principum
335 1483 500 1513 dignationem
519 1482 634 1512 pervenit.
647 1481 662 1504 ι’.
676 1490 694 1504 e.
707 1486 753 1512 par
763 1480 809 1503 illis
820 1481 931 1512 dignitate

57 1516 136 1547 jitHus
149 1516 185 1545 ιβ.
198 1516 248 1538 vid.
261 1515 374 1539 Drakmb.
387 1515 418 1537 ad
428 1515 450 1537 h.
464 1514 480 1537 I.

96 1556 136 1571 eos
148 1556 191 1570 nos
201 1555 253 1577 Jam
266 1547 348 1579 populi
362 1548 435 1570 Rom.
448 1547 566 1570 beneficio
583 1546 628 1569 effe
645 1546 721 1576 spero,
733 1546 776 1575 qui
794 1546 937 1570 sacerdotiis

64 1587 114 1603 non
127 1581 209 1604 minus
221 1582 348 1604 reddamus
365 1580 504 1609 dignatione
523 1580 602 1602 nostra
619 1579 727 1606 honoris,
738 1585 812 1608 quarn
829 1585 931 1608 accepe-

64 1614 149 1641 rimus,
167 1621 205 1640 10,
221 1618 243 1640 7.
266 1614 305 1636 Sic
314 1613 368 1644 fere
385 1613 474 1635 Tacitus
493 1612 552 1634 Mor.
573 1612 649 1634 Ger-m.
670 1618 706 1639 ¹3-
725 1618 814 1639 magna
831 1616 930 1640 patrum

65 1646 149 1668 merita
162 1646 276 1676 principis
288 1645 455 1675 dignationem
468 1645 541 1667 etiam
554 1642 736 1666 adolescentulis
747 1643 873 1672 assignant.

31 1677 200 1706 DlGNlTAS,
214 1679 238 1706 6,
252 1685 292 1708 4¹·
305 1679 334 1701 de
346 1678 488 1707 indignitate
500 1677 554 1699 satis
564 1676 655 1698 dictum
667 1676 699 1698 est
713 1676 813 1705 (etenim
826 1676 929 1706 dignitas

62 1710 92 1733 ad
104 1711 217 1734 homines
229 1710 341 1741 pertinet)
356 1710 415 1740 quid
433 1710 461 1732 de
480 1709 634 1738 religionibus
652 1713 724 1736 atque
741 1707 861 1736 auspiciis,
873 1715 928 1738 quae

63 1744 157 1772 propria
180 1743 280 1767 deorum
302 1742 480 1766 immortalium
498 1742 631 1764 contemtio
649 1746 720 1770 atque
738 1739 825 1769 injuria
841 1741 883 1769 est,
897 1740 932 1763 lo-

63 1782 122 1804 quar
133 1775 142 1797 ?

454 1807 502 1836 G5
