<?xml version="1.0" encoding="UTF-8"?>
<!DOCTYPE html PUBLIC "-//W3C//DTD XHTML 1.0 Transitional//EN"
    "http://www.w3.org/TR/xhtml1/DTD/xhtml1-transitional.dtd">
<html xmlns="http://www.w3.org/1999/xhtml" xml:lang="en" lang="en">
 <head>
  <title>
</title>
<meta http-equiv="Content-Type" content="text/html;charset=utf-8" />
  <meta name='ocr-system' content='tesseract 3.04.00' />
  <meta name='ocr-capabilities' content='ocr_page ocr_carea ocr_par ocr_line ocrx_word'/>
</head>
<body>
  <div class='ocr_page' id='page_1' title='image "./historiarumquaes06livyuoft_0254.png"; bbox 0 0 1151 1988; ppageno 0'>
   <div class='ocr_carea' id='block_1_1' title="bbox 180 120 861 152">
    <p class='ocr_par' dir='ltr' id='par_1_1' title="bbox 180 120 861 152">
     <span class='ocr_line' id='line_1_1' title="bbox 180 120 861 152; baseline 0.004 -8"><span class='ocrx_word' id='word_1_1' title='bbox 180 120 243 152; x_wconf 82' lang='lat'>244</span> <span class='ocrx_word' id='word_1_2' title='bbox 373 121 621 144; x_wconf 81' lang='lat' dir='ltr'>GLOSSARIUM</span> <span class='ocrx_word' id='word_1_3' title='bbox 649 124 861 147; x_wconf 83' lang='lat' dir='ltr'>LIVIANUM-</span> 
     </span>
    </p>
   </div>
   <div class='ocr_carea' id='block_1_2' title="bbox 175 180 1063 1751">
    <p class='ocr_par' dir='ltr' id='par_1_2' title="bbox 207 180 1060 244">
     <span class='ocr_line' id='line_1_2' title="bbox 243 180 1060 218; baseline 0.007 -15"><span class='ocrx_word' id='word_1_4' title='bbox 243 180 276 203; x_wconf 84' lang='lat' dir='ltr'>ita</span> <span class='ocrx_word' id='word_1_5' title='bbox 296 188 336 210; x_wconf 85' lang='lat' dir='ltr'>per</span> <span class='ocrx_word' id='word_1_6' title='bbox 353 181 374 204; x_wconf 85' lang='lat' dir='ltr'>se</span> <span class='ocrx_word' id='word_1_7' title='bbox 394 182 471 211; x_wconf 84' lang='lat' dir='ltr'>ipsum</span> <span class='ocrx_word' id='word_1_8' title='bbox 490 190 580 205; x_wconf 83' lang='lat' dir='ltr'>nomen</span> <span class='ocrx_word' id='word_1_9' title='bbox 596 183 726 207; x_wconf 84' lang='lat' dir='ltr'>Caeninum</span> <span class='ocrx_word' id='word_1_10' title='bbox 745 190 791 208; x_wconf 88' lang='lat' dir='ltr'>etc.</span> <span class='ocrx_word' id='word_1_11' title='bbox 815 192 832 210; x_wconf 89' lang='grc' dir='ltr'>ι,</span> <span class='ocrx_word' id='word_1_12' title='bbox 856 192 891 208; x_wconf 86' lang='lat'>10.</span> <span class='ocrx_word' id='word_1_13' title='bbox 908 185 924 208; x_wconf 82' lang='lat' dir='ltr'>i.</span> <span class='ocrx_word' id='word_1_14' title='bbox 937 194 959 218; x_wconf 91' lang='lat' dir='ltr'>q.</span> <span class='ocrx_word' id='word_1_15' title='bbox 975 186 1060 218; x_wconf 75' lang='lat' dir='ltr'>itaque,</span> 
     </span>
     <span class='ocr_line' id='line_1_3' title="bbox 207 214 461 244; baseline 0.012 -10"><span class='ocrx_word' id='word_1_16' title='bbox 207 217 330 243; x_wconf 75' lang='lat' dir='ltr'>propterea.</span> <span class='ocrx_word' id='word_1_17' title='bbox 342 214 372 244; x_wconf 71' lang='lat' dir='ltr'>‘f</span> <span class='ocrx_word' id='word_1_18' title='bbox 387 222 409 241; x_wconf 83' lang='lat'>2,</span> <span class='ocrx_word' id='word_1_19' title='bbox 423 221 461 244; x_wconf 81' lang='grc'>54.</span> 
     </span>
    </p>

    <p class='ocr_par' dir='ltr' id='par_1_3' title="bbox 242 246 963 280">
     <span class='ocr_line' id='line_1_4' title="bbox 242 246 963 280; baseline 0.007 -12"><span class='ocrx_word' id='word_1_20' title='bbox 242 253 290 275; x_wconf 84' lang='lat' dir='ltr'>pax</span> <span class='ocrx_word' id='word_1_21' title='bbox 301 246 333 268; x_wconf 85' lang='lat' dir='ltr'>ita</span> <span class='ocrx_word' id='word_1_22' title='bbox 345 247 468 273; x_wconf 85' lang='lat' dir='ltr'>convenit,</span> <span class='ocrx_word' id='word_1_23' title='bbox 485 253 504 273; x_wconf 82' lang='lat' dir='ltr'>r,</span> <span class='ocrx_word' id='word_1_24' title='bbox 519 253 540 274; x_wconf 86' lang='lat'>3.</span> <span class='ocrx_word' id='word_1_25' title='bbox 559 246 574 269; x_wconf 89' lang='grc' dir='ltr'>ι’.</span> <span class='ocrx_word' id='word_1_26' title='bbox 586 256 604 269; x_wconf 80' lang='lat' dir='ltr'>e.</span> <span class='ocrx_word' id='word_1_27' title='bbox 617 247 654 270; x_wconf 84' lang='lat' dir='ltr'>his</span> <span class='ocrx_word' id='word_1_28' title='bbox 666 247 756 278; x_wconf 76' lang='lat' dir='ltr'>legibus.</span> <span class='ocrx_word' id='word_1_29' title='bbox 769 249 795 271; x_wconf 76' lang='lat' dir='ltr'>it.</span> <span class='ocrx_word' id='word_1_30' title='bbox 807 256 831 278; x_wconf 84' lang='lat'>4,</span> <span class='ocrx_word' id='word_1_31' title='bbox 845 250 868 272; x_wconf 90' lang='lat'>6.</span> <span class='ocrx_word' id='word_1_32' title='bbox 887 250 926 278; x_wconf 79' lang='lat'>36,</span> <span class='ocrx_word' id='word_1_33' title='bbox 939 258 963 280; x_wconf 78' lang='lat'>4.</span> 
     </span>
    </p>

    <p class='ocr_par' dir='ltr' id='par_1_4' title="bbox 207 278 1062 340">
     <span class='ocr_line' id='line_1_5' title="bbox 241 278 1062 312; baseline 0.001 -12"><span class='ocrx_word' id='word_1_34' title='bbox 241 284 292 300; x_wconf 87' lang='lat' dir='ltr'>non</span> <span class='ocrx_word' id='word_1_35' title='bbox 307 278 340 300; x_wconf 85' lang='lat' dir='ltr'>ita</span> <span class='ocrx_word' id='word_1_36' title='bbox 357 285 445 308; x_wconf 84' lang='lat' dir='ltr'>aegram</span> <span class='ocrx_word' id='word_1_37' title='bbox 463 278 507 300; x_wconf 81' lang='lat' dir='ltr'>effe</span> <span class='ocrx_word' id='word_1_38' title='bbox 524 279 655 307; x_wconf 82' lang='lat' dir='ltr'>civitatem,</span> <span class='ocrx_word' id='word_1_39' title='bbox 670 287 694 308; x_wconf 77' lang='lat'>3,</span> <span class='ocrx_word' id='word_1_40' title='bbox 708 287 746 304; x_wconf 84' lang='lat'>20.</span> <span class='ocrx_word' id='word_1_41' title='bbox 764 288 806 310; x_wconf 72' lang='lat' dir='ltr'>pro</span> <span class='ocrx_word' id='word_1_42' title='bbox 823 290 863 303; x_wconf 76' lang='lat' dir='ltr'>non</span> <span class='ocrx_word' id='word_1_43' title='bbox 880 287 924 304; x_wconf 81' lang='lat' dir='ltr'>ram</span> <span class='ocrx_word' id='word_1_44' title='bbox 932 288 1014 312; x_wconf 80' lang='lat' dir='ltr'>parum</span> <span class='ocrx_word' id='word_1_45' title='bbox 1032 291 1062 304; x_wconf 67' lang='lat' dir='ltr'>a·</span> 
     </span>
     <span class='ocr_line' id='line_1_6' title="bbox 207 318 280 340; baseline 0.027 -9"><span class='ocrx_word' id='word_1_46' title='bbox 207 318 280 340; x_wconf 70' lang='lat' dir='ltr'>gram·</span> 
     </span>
    </p>

    <p class='ocr_par' dir='ltr' id='par_1_5' title="bbox 207 342 1062 404">
     <span class='ocr_line' id='line_1_7' title="bbox 226 342 1062 373; baseline 0.006 -10"><span class='ocrx_word' id='word_1_47' title='bbox 226 362 230 366; x_wconf 85' lang='grc'>,</span> <span class='ocrx_word' id='word_1_48' title='bbox 241 343 274 364; x_wconf 79' lang='lat' dir='ltr'>ita</span> <span class='ocrx_word' id='word_1_49' title='bbox 286 342 385 370; x_wconf 73' lang='lat' dir='ltr'>gratiam</span> <span class='ocrx_word' id='word_1_50' title='bbox 403 342 470 367; x_wconf 85' lang='lat' dir='ltr'>inire.</span> <span class='ocrx_word' id='word_1_51' title='bbox 483 347 509 364; x_wconf 83' lang='lat' dir='ltr'>ut</span> <span class='ocrx_word' id='word_1_52' title='bbox 521 347 567 365; x_wconf 87' lang='lat' dir='ltr'>etc.</span> <span class='ocrx_word' id='word_1_53' title='bbox 582 350 603 371; x_wconf 75' lang='grc' dir='ltr'>ι,</span> <span class='ocrx_word' id='word_1_54' title='bbox 619 349 655 371; x_wconf 85' lang='lat'>17.</span> <span class='ocrx_word' id='word_1_55' title='bbox 674 344 694 366; x_wconf 75' lang='lat' dir='ltr'>h.</span> <span class='ocrx_word' id='word_1_56' title='bbox 707 353 726 367; x_wconf 75' lang='grc' dir='ltr'>ε.</span> <span class='ocrx_word' id='word_1_57' title='bbox 737 353 762 366; x_wconf 79' lang='lat' dir='ltr'>ea</span> <span class='ocrx_word' id='word_1_58' title='bbox 778 345 927 373; x_wconf 74' lang='lat' dir='ltr'>moderatione,</span> <span class='ocrx_word' id='word_1_59' title='bbox 940 351 985 368; x_wconf 77' lang='lat' dir='ltr'>tam</span> <span class='ocrx_word' id='word_1_60' title='bbox 998 351 1062 369; x_wconf 78' lang='lat' dir='ltr'>caure</span> 
     </span>
     <span class='ocr_line' id='line_1_8' title="bbox 207 374 484 404; baseline 0 -8"><span class='ocrx_word' id='word_1_61' title='bbox 207 382 235 396; x_wconf 80' lang='lat' dir='ltr'>ac</span> <span class='ocrx_word' id='word_1_62' title='bbox 243 374 369 404; x_wconf 70' lang='lat' dir='ltr'><em>prudenter.</em></span> <span class='ocrx_word' id='word_1_63' title='bbox 382 375 412 404; x_wconf 73' lang='lat' dir='ltr'>‘f-</span> <span class='ocrx_word' id='word_1_64' title='bbox 423 382 447 404; x_wconf 82' lang='lat'>4,</span> <span class='ocrx_word' id='word_1_65' title='bbox 463 380 484 401; x_wconf 90' lang='lat'>7.</span> 
     </span>
    </p>

    <p class='ocr_par' dir='ltr' id='par_1_6' title="bbox 241 405 925 440">
     <span class='ocr_line' id='line_1_9' title="bbox 241 405 925 440; baseline 0.007 -12"><span class='ocrx_word' id='word_1_66' title='bbox 241 407 274 428; x_wconf 86' lang='lat' dir='ltr'>ita</span> <span class='ocrx_word' id='word_1_67' title='bbox 284 405 370 434; x_wconf 81' lang='lat' dir='ltr'>elatus,</span> <span class='ocrx_word' id='word_1_68' title='bbox 381 412 407 428; x_wconf 91' lang='lat' dir='ltr'>ut</span> <span class='ocrx_word' id='word_1_69' title='bbox 420 406 516 429; x_wconf 86' lang='lat' dir='ltr'>nullum</span> <span class='ocrx_word' id='word_1_70' title='bbox 528 407 594 429; x_wconf 82' lang='lat' dir='ltr'>ferox</span> <span class='ocrx_word' id='word_1_71' title='bbox 607 407 705 430; x_wconf 87' lang='lat' dir='ltr'>verbum</span> <span class='ocrx_word' id='word_1_72' title='bbox 717 409 821 435; x_wconf 82' lang='lat' dir='ltr'>excidat,</span> <span class='ocrx_word' id='word_1_73' title='bbox 834 410 873 436; x_wconf 85' lang='lat'>26,</span> <span class='ocrx_word' id='word_1_74' title='bbox 889 417 925 440; x_wconf 85' lang='lat'>¹9.</span> 
     </span>
    </p>

    <p class='ocr_par' dir='ltr' id='par_1_7' title="bbox 240 439 934 470">
     <span class='ocr_line' id='line_1_10' title="bbox 240 439 934 470; baseline 0.004 -10"><span class='ocrx_word' id='word_1_75' title='bbox 240 439 273 461; x_wconf 88' lang='lat' dir='ltr'>ita</span> <span class='ocrx_word' id='word_1_76' title='bbox 284 439 349 460; x_wconf 86' lang='lat' dir='ltr'>fama</span> <span class='ocrx_word' id='word_1_77' title='bbox 361 439 442 466; x_wconf 82' lang='lat' dir='ltr'>variat,</span> <span class='ocrx_word' id='word_1_78' title='bbox 455 444 715 463; x_wconf 86' lang='lat' dir='ltr'>ut—-tamen—omnes</span> <span class='ocrx_word' id='word_1_79' title='bbox 727 441 829 468; x_wconf 78' lang='lat' dir='ltr'>tradant,</span> <span class='ocrx_word' id='word_1_80' title='bbox 843 449 882 470; x_wconf 88' lang='lat'>27,</span> <span class='ocrx_word' id='word_1_81' title='bbox 895 448 934 470; x_wconf 85' lang='lat'>27.</span> 
     </span>
    </p>

    <p class='ocr_par' dir='ltr' id='par_1_8' title="bbox 241 470 944 503">
     <span class='ocr_line' id='line_1_11' title="bbox 241 470 944 503; baseline 0.009 -11"><span class='ocrx_word' id='word_1_82' title='bbox 241 471 274 493; x_wconf 84' lang='lat' dir='ltr'>ita</span> <span class='ocrx_word' id='word_1_83' title='bbox 285 470 408 500; x_wconf 72' lang='lat' dir='ltr'>indulgere</span> <span class='ocrx_word' id='word_1_84' title='bbox 420 471 469 498; x_wconf 83' lang='lat' dir='ltr'>irae,</span> <span class='ocrx_word' id='word_1_85' title='bbox 482 476 508 493; x_wconf 94' lang='lat' dir='ltr'>ut</span> <span class='ocrx_word' id='word_1_86' title='bbox 520 472 596 500; x_wconf 86' lang='lat' dir='ltr'>potior</span> <span class='ocrx_word' id='word_1_87' title='bbox 608 471 715 499; x_wconf 73' lang='lat' dir='ltr'>furatus,</span> <span class='ocrx_word' id='word_1_88' title='bbox 730 480 768 501; x_wconf 81' lang='lat'>23,</span> <span class='ocrx_word' id='word_1_89' title='bbox 783 480 804 501; x_wconf 82' lang='lat'>3.</span> <span class='ocrx_word' id='word_1_90' title='bbox 825 474 855 503; x_wconf 72' lang='lat' dir='ltr'>qs.</span> <span class='ocrx_word' id='word_1_91' title='bbox 869 479 891 503; x_wconf 86' lang='lat'>5,</span> <span class='ocrx_word' id='word_1_92' title='bbox 907 481 944 498; x_wconf 81' lang='lat'>12.</span> 
     </span>
    </p>

    <p class='ocr_par' dir='ltr' id='par_1_9' title="bbox 239 503 991 536">
     <span class='ocr_line' id='line_1_12' title="bbox 239 503 991 536; baseline 0.007 -12"><span class='ocrx_word' id='word_1_93' title='bbox 239 503 273 525; x_wconf 83' lang='lat' dir='ltr'>ita</span> <span class='ocrx_word' id='word_1_94' title='bbox 284 510 370 532; x_wconf 84' lang='lat' dir='ltr'>pacem</span> <span class='ocrx_word' id='word_1_95' title='bbox 382 510 476 531; x_wconf 82' lang='lat' dir='ltr'>negare,</span> <span class='ocrx_word' id='word_1_96' title='bbox 489 508 514 525; x_wconf 93' lang='lat' dir='ltr'>ut</span> <span class='ocrx_word' id='word_1_97' title='bbox 527 510 575 525; x_wconf 92' lang='lat' dir='ltr'>non</span> <span class='ocrx_word' id='word_1_98' title='bbox 588 504 665 526; x_wconf 79' lang='lat' dir='ltr'>statim</span> <span class='ocrx_word' id='word_1_99' title='bbox 678 505 769 527; x_wconf 87' lang='lat' dir='ltr'>bellum</span> <span class='ocrx_word' id='word_1_100' title='bbox 781 512 884 534; x_wconf 83' lang='lat' dir='ltr'>geratur,</span> <span class='ocrx_word' id='word_1_101' title='bbox 899 513 937 536; x_wconf 80' lang='lat'>24,</span> <span class='ocrx_word' id='word_1_102' title='bbox 950 507 991 529; x_wconf 86' lang='lat'>28.</span> 
     </span>
    </p>

    <p class='ocr_par' dir='ltr' id='par_1_10' title="bbox 207 535 1062 630">
     <span class='ocr_line' id='line_1_13' title="bbox 239 535 1062 565; baseline 0.004 -8"><span class='ocrx_word' id='word_1_103' title='bbox 239 535 273 558; x_wconf 81' lang='lat' dir='ltr'>ita</span> <span class='ocrx_word' id='word_1_104' title='bbox 289 535 381 557; x_wconf 83' lang='lat' dir='ltr'>admiffi</span> <span class='ocrx_word' id='word_1_105' title='bbox 396 535 485 565; x_wconf 74' lang='lat' dir='ltr'>(milites</span> <span class='ocrx_word' id='word_1_106' title='bbox 502 544 515 557; x_wconf 80' lang='lat' dir='ltr'>a</span> <span class='ocrx_word' id='word_1_107' title='bbox 528 535 600 558; x_wconf 76' lang='lat' dir='ltr'>Paem&#39;s</span> <span class='ocrx_word' id='word_1_108' title='bbox 616 536 686 565; x_wconf 72' lang='lat' dir='ltr'>capti)</span> <span class='ocrx_word' id='word_1_109' title='bbox 701 544 731 559; x_wconf 84' lang='lat' dir='ltr'>ne</span> <span class='ocrx_word' id='word_1_110' title='bbox 747 537 840 560; x_wconf 82' lang='lat' dir='ltr'>senatus</span> <span class='ocrx_word' id='word_1_111' title='bbox 858 543 939 560; x_wconf 85' lang='lat' dir='ltr'>tamen</span> <span class='ocrx_word' id='word_1_112' title='bbox 957 539 984 561; x_wconf 85' lang='lat' dir='ltr'>iis</span> <span class='ocrx_word' id='word_1_113' title='bbox 996 538 1062 560; x_wconf 81' lang='lat' dir='ltr'>dare-</span> 
     </span>
     <span class='ocr_line' id='line_1_14' title="bbox 207 567 1062 600; baseline 0.002 -10"><span class='ocrx_word' id='word_1_114' title='bbox 207 572 255 595; x_wconf 77' lang='lat' dir='ltr'>tur,</span> <span class='ocrx_word' id='word_1_115' title='bbox 269 575 308 592; x_wconf 83' lang='lat'>22,</span> <span class='ocrx_word' id='word_1_116' title='bbox 321 568 359 590; x_wconf 83' lang='lat'>61.</span> <span class='ocrx_word' id='word_1_117' title='bbox 377 567 393 590; x_wconf 88' lang='grc' dir='ltr'>ι’.</span> <span class='ocrx_word' id='word_1_118' title='bbox 411 576 429 591; x_wconf 78' lang='lat' dir='ltr'>e.</span> <span class='ocrx_word' id='word_1_119' title='bbox 442 567 526 596; x_wconf 68' lang='lat' dir='ltr'>admg‘ffi</span> <span class='ocrx_word' id='word_1_120' title='bbox 536 567 571 589; x_wconf 82' lang='lat' dir='ltr'>illi</span> <span class='ocrx_word' id='word_1_121' title='bbox 583 567 679 599; x_wconf 80' lang='lat' dir='ltr'>quidem,</span> <span class='ocrx_word' id='word_1_122' title='bbox 691 569 734 599; x_wconf 78' lang='lat' dir='ltr'>fid</span> <span class='ocrx_word' id='word_1_123' title='bbox 741 569 832 600; x_wconf 74' lang='lat' dir='ltr'>senatus</span> <span class='ocrx_word' id='word_1_124' title='bbox 844 570 870 592; x_wconf 80' lang='lat' dir='ltr'>iis</span> <span class='ocrx_word' id='word_1_125' title='bbox 887 579 927 592; x_wconf 86' lang='lat' dir='ltr'>mm</span> <span class='ocrx_word' id='word_1_126' title='bbox 939 570 1010 594; x_wconf 81' lang='lat' dir='ltr'>datus.</span> <span class='ocrx_word' id='word_1_127' title='bbox 1029 570 1062 592; x_wconf 82' lang='lat' dir='ltr'>E!</span> 
     </span>
     <span class='ocr_line' id='line_1_15' title="bbox 207 599 806 630; baseline 0.003 -9"><span class='ocrx_word' id='word_1_128' title='bbox 207 599 321 630; x_wconf 71' lang='lat' dir='ltr'>taliafere</span> <span class='ocrx_word' id='word_1_129' title='bbox 330 599 475 628; x_wconf 68' lang='lat' dir='ltr'>praecedentia</span> <span class='ocrx_word' id='word_1_130' title='bbox 481 600 535 629; x_wconf 67' lang='lat' dir='ltr'>fimf</span> <span class='ocrx_word' id='word_1_131' title='bbox 546 600 625 622; x_wconf 81' lang='lat' dir='ltr'>omnia.</span> <span class='ocrx_word' id='word_1_132' title='bbox 803 621 806 623; x_wconf 25' lang='grc' dir='ltr'><strong>Α</strong></span> 
     </span>
    </p>

    <p class='ocr_par' dir='ltr' id='par_1_11' title="bbox 207 631 1061 695">
     <span class='ocr_line' id='line_1_16' title="bbox 238 631 1061 662; baseline 0.004 -8"><span class='ocrx_word' id='word_1_133' title='bbox 238 632 272 654; x_wconf 81' lang='lat' dir='ltr'>ita</span> <span class='ocrx_word' id='word_1_134' title='bbox 284 632 308 654; x_wconf 87' lang='lat' dir='ltr'>in</span> <span class='ocrx_word' id='word_1_135' title='bbox 322 632 428 654; x_wconf 78' lang='lat' dir='ltr'>Africam</span> <span class='ocrx_word' id='word_1_136' title='bbox 443 632 617 654; x_wconf 73' lang='lat' dir='ltr'>transmissurus</span> <span class='ocrx_word' id='word_1_137' title='bbox 625 631 679 662; x_wconf 80' lang='lat' dir='ltr'>fuit</span> <span class='ocrx_word' id='word_1_138' title='bbox 693 633 840 662; x_wconf 70' lang='lat' dir='ltr'><em>Sempronius,</em></span> <span class='ocrx_word' id='word_1_139' title='bbox 854 633 869 656; x_wconf 83' lang='lat' dir='ltr'>fi</span> <span class='ocrx_word' id='word_1_140' title='bbox 885 635 914 657; x_wconf 88' lang='lat' dir='ltr'>ad</span> <span class='ocrx_word' id='word_1_141' title='bbox 929 635 1061 657; x_wconf 78' lang='lat' dir='ltr'>arcendum</span> 
     </span>
     <span class='ocr_line' id='line_1_17' title="bbox 207 663 1061 695; baseline 0.004 -9"><span class='ocrx_word' id='word_1_142' title='bbox 207 663 276 686; x_wconf 83' lang='lat' dir='ltr'>Italia</span> <span class='ocrx_word' id='word_1_143' title='bbox 288 664 390 686; x_wconf 79' lang='lat' dir='ltr'>Poenum</span> <span class='ocrx_word' id='word_1_144' title='bbox 402 663 483 686; x_wconf 86' lang='lat' dir='ltr'>consul</span> <span class='ocrx_word' id='word_1_145' title='bbox 501 664 559 686; x_wconf 84' lang='lat' dir='ltr'>alter</span> <span class='ocrx_word' id='word_1_146' title='bbox 571 665 624 686; x_wconf 74' lang='lat' dir='ltr'>satis</span> <span class='ocrx_word' id='word_1_147' title='bbox 635 664 700 692; x_wconf 74' lang='lat' dir='ltr'>esset,</span> <span class='ocrx_word' id='word_1_148' title='bbox 720 672 760 692; x_wconf 85' lang='lat'>21,</span> <span class='ocrx_word' id='word_1_149' title='bbox 775 672 811 693; x_wconf 80' lang='lat'>17.</span> <span class='ocrx_word' id='word_1_150' title='bbox 830 673 871 695; x_wconf 85' lang='lat' dir='ltr'>pro</span> <span class='ocrx_word' id='word_1_151' title='bbox 887 671 933 688; x_wconf 80' lang='lat' dir='ltr'>tum</span> <span class='ocrx_word' id='word_1_152' title='bbox 944 667 1061 688; x_wconf 79' lang='lat' dir='ltr'>demum—-</span> 
     </span>
    </p>

    <p class='ocr_par' dir='ltr' id='par_1_12' title="bbox 197 696 1062 728">
     <span class='ocr_line' id='line_1_18' title="bbox 197 696 1062 728; baseline 0.003 -10"><span class='ocrx_word' id='word_1_153' title='bbox 197 696 276 727; x_wconf 73' lang='lat' dir='ltr'>stete.</span> <span class='ocrx_word' id='word_1_154' title='bbox 288 696 352 726; x_wconf 83' lang='lat' dir='ltr'><em>cs.1,</em></span> <span class='ocrx_word' id='word_1_155' title='bbox 364 696 386 719; x_wconf 86' lang='lat'>8.</span> <span class='ocrx_word' id='word_1_156' title='bbox 399 704 425 725; x_wconf 73' lang='lat'>4,</span> <span class='ocrx_word' id='word_1_157' title='bbox 437 703 458 725; x_wconf 85' lang='lat'>5.</span> <span class='ocrx_word' id='word_1_158' title='bbox 472 703 511 722; x_wconf 88' lang='lat'>21,</span> <span class='ocrx_word' id='word_1_159' title='bbox 525 703 562 725; x_wconf 82' lang='lat'>13.</span> <span class='ocrx_word' id='word_1_160' title='bbox 578 704 616 725; x_wconf 80' lang='lat'>24,</span> <span class='ocrx_word' id='word_1_161' title='bbox 628 701 666 724; x_wconf 85' lang='lat'>37.</span> <span class='ocrx_word' id='word_1_162' title='bbox 681 699 720 724; x_wconf 83' lang='lat'>26,</span> <span class='ocrx_word' id='word_1_163' title='bbox 733 705 772 726; x_wconf 82' lang='lat'>24.</span> <span class='ocrx_word' id='word_1_164' title='bbox 788 705 827 725; x_wconf 87' lang='lat'>29,</span> <span class='ocrx_word' id='word_1_165' title='bbox 839 705 861 726; x_wconf 86' lang='lat'>3.</span> <span class='ocrx_word' id='word_1_166' title='bbox 878 705 917 726; x_wconf 84' lang='lat'>30,</span> <span class='ocrx_word' id='word_1_167' title='bbox 930 704 967 727; x_wconf 83' lang='lat'>37.</span> <span class='ocrx_word' id='word_1_168' title='bbox 985 700 1024 727; x_wconf 84' lang='lat'>36,</span> <span class='ocrx_word' id='word_1_169' title='bbox 1037 706 1062 728; x_wconf 84' lang='lat'>4.</span> 
     </span>
    </p>

    <p class='ocr_par' dir='ltr' id='par_1_13' title="bbox 207 728 1060 791">
     <span class='ocr_line' id='line_1_19' title="bbox 239 728 1060 760; baseline 0.004 -10"><span class='ocrx_word' id='word_1_170' title='bbox 239 735 270 750; x_wconf 84' lang='lat' dir='ltr'>ex</span> <span class='ocrx_word' id='word_1_171' title='bbox 288 728 380 750; x_wconf 76' lang='lat' dir='ltr'>Etruria</span> <span class='ocrx_word' id='word_1_172' title='bbox 398 728 462 750; x_wconf 84' lang='lat' dir='ltr'>haud</span> <span class='ocrx_word' id='word_1_173' title='bbox 481 729 513 750; x_wconf 80' lang='lat' dir='ltr'>ita</span> <span class='ocrx_word' id='word_1_174' title='bbox 531 728 639 751; x_wconf 83' lang='lat' dir='ltr'>multum</span> <span class='ocrx_word' id='word_1_175' title='bbox 657 728 771 751; x_wconf 80' lang='lat' dir='ltr'>frumenti</span> <span class='ocrx_word' id='word_1_176' title='bbox 788 730 913 753; x_wconf 63' lang='lat' dir='ltr'>advectum</span> <span class='ocrx_word' id='word_1_177' title='bbox 926 732 967 758; x_wconf 88' lang='lat' dir='ltr'>est,</span> <span class='ocrx_word' id='word_1_178' title='bbox 983 737 1008 760; x_wconf 83' lang='lat'>4,</span> <span class='ocrx_word' id='word_1_179' title='bbox 1024 738 1060 753; x_wconf 88' lang='lat'>12.</span> 
     </span>
     <span class='ocr_line' id='line_1_20' title="bbox 207 759 898 791; baseline 0.004 -10"><span class='ocrx_word' id='word_1_180' title='bbox 207 768 250 791; x_wconf 75' lang='lat' dir='ltr'>pro</span> <span class='ocrx_word' id='word_1_181' title='bbox 262 760 322 782; x_wconf 81' lang='lat' dir='ltr'>baud</span> <span class='ocrx_word' id='word_1_182' title='bbox 331 759 399 782; x_wconf 76' lang='lat' dir='ltr'>valde</span> <span class='ocrx_word' id='word_1_183' title='bbox 410 760 589 784; x_wconf 60' lang='lat' dir='ltr'>multum—nec</span> <span class='ocrx_word' id='word_1_184' title='bbox 603 761 634 783; x_wconf 84' lang='lat' dir='ltr'>ita</span> <span class='ocrx_word' id='word_1_185' title='bbox 645 760 724 783; x_wconf 82' lang='lat' dir='ltr'>multo</span> <span class='ocrx_word' id='word_1_186' title='bbox 736 762 795 790; x_wconf 82' lang='lat' dir='ltr'>post,</span> <span class='ocrx_word' id='word_1_187' title='bbox 810 769 847 788; x_wconf 89' lang='lat'>10,</span> <span class='ocrx_word' id='word_1_188' title='bbox 863 769 898 785; x_wconf 83' lang='lat'>12.</span> 
     </span>
    </p>

    <p class='ocr_par' dir='ltr' id='par_1_14' title="bbox 207 792 1063 953">
     <span class='ocr_line' id='line_1_21' title="bbox 240 792 1063 823; baseline 0.004 -9"><span class='ocrx_word' id='word_1_189' title='bbox 240 792 377 815; x_wconf 82' lang='lat' dir='ltr'>Romanam</span> <span class='ocrx_word' id='word_1_190' title='bbox 389 793 533 819; x_wconf 77' lang='lat' dir='ltr'>amicitiam,</span> <span class='ocrx_word' id='word_1_191' title='bbox 547 792 605 815; x_wconf 77' lang='lat' dir='ltr'>ficut</span> <span class='ocrx_word' id='word_1_192' title='bbox 618 793 751 815; x_wconf 82' lang='lat' dir='ltr'>minoribus</span> <span class='ocrx_word' id='word_1_193' title='bbox 766 794 864 820; x_wconf 82' lang='lat' dir='ltr'>viribus,</span> <span class='ocrx_word' id='word_1_194' title='bbox 877 801 951 823; x_wconf 82' lang='lat' dir='ltr'>quam</span> <span class='ocrx_word' id='word_1_195' title='bbox 965 794 1063 817; x_wconf 83' lang='lat' dir='ltr'>Maffiti-</span> 
     </span>
     <span class='ocr_line' id='line_1_22' title="bbox 207 824 1062 858; baseline 0.001 -11"><span class='ocrx_word' id='word_1_196' title='bbox 207 825 283 852; x_wconf 83' lang='lat' dir='ltr'>enses,</span> <span class='ocrx_word' id='word_1_197' title='bbox 295 825 343 854; x_wconf 85' lang='lat' dir='ltr'>pari</span> <span class='ocrx_word' id='word_1_198' title='bbox 355 824 465 847; x_wconf 82' lang='lat' dir='ltr'>colebant</span> <span class='ocrx_word' id='word_1_199' title='bbox 478 825 532 851; x_wconf 83' lang='lat' dir='ltr'>fide,</span> <span class='ocrx_word' id='word_1_200' title='bbox 545 832 584 854; x_wconf 79' lang='lat'>34,</span> <span class='ocrx_word' id='word_1_201' title='bbox 598 832 619 853; x_wconf 91' lang='lat'>9.</span> <span class='ocrx_word' id='word_1_202' title='bbox 638 832 679 854; x_wconf 87' lang='lat' dir='ltr'>pro</span> <span class='ocrx_word' id='word_1_203' title='bbox 691 824 781 854; x_wconf 79' lang='lat' dir='ltr'>itapari</span> <span class='ocrx_word' id='word_1_204' title='bbox 794 826 875 848; x_wconf 70' lang='lat' dir='ltr'>colebat</span> <span class='ocrx_word' id='word_1_205' title='bbox 886 826 948 855; x_wconf 83' lang='lat' dir='ltr'>fide;</span> <span class='ocrx_word' id='word_1_206' title='bbox 960 827 1062 858; x_wconf 76' lang='lat' dir='ltr'>quoniam</span> 
     </span>
     <span class='ocr_line' id='line_1_23' title="bbox 208 856 1063 887; baseline 0.001 -7"><span class='ocrx_word' id='word_1_207' title='bbox 208 857 267 880; x_wconf 80' lang='lat' dir='ltr'>ficut</span> <span class='ocrx_word' id='word_1_208' title='bbox 274 856 389 886; x_wconf 76' lang='lat' dir='ltr'>praecedit.</span> <span class='ocrx_word' id='word_1_209' title='bbox 403 857 432 887; x_wconf 84' lang='lat' dir='ltr'>cf.</span> <span class='ocrx_word' id='word_1_210' title='bbox 447 864 470 885; x_wconf 88' lang='lat'>9,</span> <span class='ocrx_word' id='word_1_211' title='bbox 486 864 522 884; x_wconf 80' lang='lat'>¹7·</span> <span class='ocrx_word' id='word_1_212' title='bbox 540 864 568 879; x_wconf 83' lang='lat' dir='ltr'>ea</span> <span class='ocrx_word' id='word_1_213' title='bbox 586 862 608 879; x_wconf 84' lang='lat' dir='ltr'>et</span> <span class='ocrx_word' id='word_1_214' title='bbox 619 857 710 885; x_wconf 78' lang='lat' dir='ltr'>singula</span> <span class='ocrx_word' id='word_1_215' title='bbox 727 858 828 880; x_wconf 79' lang='lat' dir='ltr'>intuenti</span> <span class='ocrx_word' id='word_1_216' title='bbox 840 863 862 880; x_wconf 91' lang='lat' dir='ltr'>et</span> <span class='ocrx_word' id='word_1_217' title='bbox 876 859 990 886; x_wconf 80' lang='lat' dir='ltr'>univerta,</span> <span class='ocrx_word' id='word_1_218' title='bbox 1003 858 1063 881; x_wconf 84' lang='lat' dir='ltr'>ficut</span> 
     </span>
     <span class='ocr_line' id='line_1_24' title="bbox 207 889 1062 920; baseline 0 -8"><span class='ocrx_word' id='word_1_219' title='bbox 207 889 238 912; x_wconf 83' lang='lat' dir='ltr'>ab</span> <span class='ocrx_word' id='word_1_220' title='bbox 249 889 301 912; x_wconf 82' lang='lat' dir='ltr'>aliis</span> <span class='ocrx_word' id='word_1_221' title='bbox 319 889 412 918; x_wconf 75' lang='lat' dir='ltr'>regibus</span> <span class='ocrx_word' id='word_1_222' title='bbox 422 889 588 918; x_wconf 79' lang='lat' dir='ltr'>gentibusque,</span> <span class='ocrx_word' id='word_1_223' title='bbox 601 889 633 911; x_wconf 83' lang='lat' dir='ltr'>ita</span> <span class='ocrx_word' id='word_1_224' title='bbox 650 889 680 911; x_wconf 90' lang='lat' dir='ltr'>ab</span> <span class='ocrx_word' id='word_1_225' title='bbox 692 890 738 911; x_wconf 89' lang='lat' dir='ltr'>hoc</span> <span class='ocrx_word' id='word_1_226' title='bbox 751 896 846 919; x_wconf 82' lang='lat' dir='ltr'>quoque</span> <span class='ocrx_word' id='word_1_227' title='bbox 858 891 926 913; x_wconf 81' lang='lat' dir='ltr'>facile</span> <span class='ocrx_word' id='word_1_228' title='bbox 943 891 1062 920; x_wconf 78' lang='lat' dir='ltr'>praestant.</span> 
     </span>
     <span class='ocr_line' id='line_1_25' title="bbox 207 920 868 953; baseline 0 -9"><span class='ocrx_word' id='word_1_229' title='bbox 207 922 230 944; x_wconf 80' lang='grc' dir='ltr'>ἱη</span> <span class='ocrx_word' id='word_1_230' title='bbox 242 930 283 953; x_wconf 82' lang='lat' dir='ltr'>quo</span> <span class='ocrx_word' id='word_1_231' title='bbox 296 921 337 943; x_wconf 78' lang='lat' dir='ltr'><em>loco</em></span> <span class='ocrx_word' id='word_1_232' title='bbox 349 920 407 943; x_wconf 79' lang='lat' dir='ltr'><em>illud</em></span> <span class='ocrx_word' id='word_1_233' title='bbox 416 921 448 943; x_wconf 77' lang='lat' dir='ltr'>ita</span> <span class='ocrx_word' id='word_1_234' title='bbox 458 921 580 943; x_wconf 64' lang='lat' dir='ltr'>aanor-ibus</span> <span class='ocrx_word' id='word_1_235' title='bbox 592 920 697 943; x_wconf 75' lang='lat' dir='ltr'><em>codicibus</em></span> <span class='ocrx_word' id='word_1_236' title='bbox 708 921 820 944; x_wconf 66' lang='lat' dir='ltr'>delendum</span> <span class='ocrx_word' id='word_1_237' title='bbox 832 923 868 951; x_wconf 55' lang='lat' dir='ltr'>est.</span> 
     </span>
    </p>

    <p class='ocr_par' dir='ltr' id='par_1_15' title="bbox 175 953 1060 1015">
     <span class='ocr_line' id='line_1_26' title="bbox 175 953 1060 984; baseline 0 -7"><span class='ocrx_word' id='word_1_238' title='bbox 175 954 301 977; x_wconf 71' lang='lat' dir='ltr'>tTAQUE</span> <span class='ocrx_word' id='word_1_239' title='bbox 312 958 412 976; x_wconf 85' lang='lat' dir='ltr'>cautum</span> <span class='ocrx_word' id='word_1_240' title='bbox 424 954 467 981; x_wconf 86' lang='lat' dir='ltr'>est,</span> <span class='ocrx_word' id='word_1_241' title='bbox 481 960 504 982; x_wconf 84' lang='lat'>3,</span> <span class='ocrx_word' id='word_1_242' title='bbox 519 960 557 982; x_wconf 82' lang='lat'>30.</span> <span class='ocrx_word' id='word_1_243' title='bbox 575 960 616 982; x_wconf 89' lang='lat' dir='ltr'>pro</span> <span class='ocrx_word' id='word_1_244' title='bbox 625 958 691 984; x_wconf 75' lang='lat' dir='ltr'>atque</span> <span class='ocrx_word' id='word_1_245' title='bbox 702 953 799 976; x_wconf 81' lang='lat' dir='ltr'>ita.—-et</span> <span class='ocrx_word' id='word_1_246' title='bbox 812 956 909 977; x_wconf 77' lang='lat' dir='ltr'>vestram</span> <span class='ocrx_word' id='word_1_247' title='bbox 922 955 1003 984; x_wconf 87' lang='lat' dir='ltr'>itaque</span> <span class='ocrx_word' id='word_1_248' title='bbox 1013 960 1060 977; x_wconf 84' lang='lat' dir='ltr'>etc.</span> 
     </span>
     <span class='ocr_line' id='line_1_27' title="bbox 207 987 284 1015; baseline 0 -6"><span class='ocrx_word' id='word_1_249' title='bbox 207 987 232 1014; x_wconf 80' lang='lat'>8,</span> <span class='ocrx_word' id='word_1_250' title='bbox 248 993 284 1015; x_wconf 80' lang='lat'>¹3·</span> 
     </span>
    </p>

    <p class='ocr_par' dir='ltr' id='par_1_16' title="bbox 238 1017 1062 1050">
     <span class='ocr_line' id='line_1_28' title="bbox 238 1017 1062 1050; baseline 0 -10"><span class='ocrx_word' id='word_1_251' title='bbox 238 1019 317 1047; x_wconf 80' lang='lat' dir='ltr'>itaque</span> <span class='ocrx_word' id='word_1_252' title='bbox 330 1025 394 1048; x_wconf 77' lang='lat' dir='ltr'>erge,</span> <span class='ocrx_word' id='word_1_253' title='bbox 409 1024 431 1045; x_wconf 94' lang='lat'>1,</span> <span class='ocrx_word' id='word_1_254' title='bbox 443 1023 482 1047; x_wconf 78' lang='lat'>25.</span> <span class='ocrx_word' id='word_1_255' title='bbox 500 1017 530 1047; x_wconf 66' lang='lat' dir='ltr'>cf.</span> <span class='ocrx_word' id='word_1_256' title='bbox 542 1026 566 1047; x_wconf 87' lang='lat'>9,</span> <span class='ocrx_word' id='word_1_257' title='bbox 579 1024 618 1046; x_wconf 86' lang='lat'>31.</span> <span class='ocrx_word' id='word_1_258' title='bbox 636 1017 663 1040; x_wconf 79' lang='lat' dir='ltr'>it.</span> <span class='ocrx_word' id='word_1_259' title='bbox 676 1018 716 1045; x_wconf 76' lang='lat'>28,</span> <span class='ocrx_word' id='word_1_260' title='bbox 732 1025 769 1041; x_wconf 79' lang='lat' dir='ltr'>iz.</span> <span class='ocrx_word' id='word_1_261' title='bbox 788 1024 827 1048; x_wconf 81' lang='lat'>39,</span> <span class='ocrx_word' id='word_1_262' title='bbox 846 1023 884 1048; x_wconf 83' lang='lat'>25.</span> <span class='ocrx_word' id='word_1_263' title='bbox 894 1023 972 1048; x_wconf 78' lang='lat' dir='ltr'>gratus</span> <span class='ocrx_word' id='word_1_264' title='bbox 985 1018 1062 1050; x_wconf 78' lang='lat' dir='ltr'>utique</span> 
     </span>
    </p>

    <p class='ocr_par' dir='ltr' id='par_1_17' title="bbox 175 1050 913 1111">
     <span class='ocr_line' id='line_1_29' title="bbox 208 1050 426 1080; baseline -0.005 -8"><span class='ocrx_word' id='word_1_265' title='bbox 208 1050 276 1073; x_wconf 81' lang='lat' dir='ltr'>Livio</span> <span class='ocrx_word' id='word_1_266' title='bbox 283 1050 426 1080; x_wconf 76' lang='lat' dir='ltr'>pleonasmus.</span> 
     </span>
     <span class='ocr_line' id='line_1_30' title="bbox 175 1081 913 1111; baseline 0 -6"><span class='ocrx_word' id='word_1_267' title='bbox 175 1083 260 1109; x_wconf 78' lang='lat' dir='ltr'>tTER,</span> <span class='ocrx_word' id='word_1_268' title='bbox 275 1089 313 1111; x_wconf 81' lang='lat'>32,</span> <span class='ocrx_word' id='word_1_269' title='bbox 328 1089 364 1111; x_wconf 72' lang='lat'>24.</span> <span class='ocrx_word' id='word_1_270' title='bbox 383 1088 423 1111; x_wconf 83' lang='lat' dir='ltr'>per</span> <span class='ocrx_word' id='word_1_271' title='bbox 434 1086 542 1110; x_wconf 78' lang='lat' dir='ltr'>apertum</span> <span class='ocrx_word' id='word_1_272' title='bbox 555 1082 642 1104; x_wconf 76' lang='lat' dir='ltr'>recenti</span> <span class='ocrx_word' id='word_1_273' title='bbox 655 1082 728 1111; x_wconf 82' lang='lat' dir='ltr'>strage</span> <span class='ocrx_word' id='word_1_274' title='bbox 740 1081 783 1104; x_wconf 80' lang='lat' dir='ltr'>iter</span> <span class='ocrx_word' id='word_1_275' title='bbox 794 1081 913 1105; x_wconf 84' lang='lat' dir='ltr'>invadere.</span> 
     </span>
    </p>

    <p class='ocr_par' dir='ltr' id='par_1_18' title="bbox 240 1114 658 1144">
     <span class='ocr_line' id='line_1_31' title="bbox 240 1114 658 1144; baseline -0.005 -7"><span class='ocrx_word' id='word_1_276' title='bbox 240 1114 368 1144; x_wconf 58' lang='lat' dir='ltr'>progressus</span> <span class='ocrx_word' id='word_1_277' title='bbox 381 1114 504 1136; x_wconf 86' lang='lat' dir='ltr'>modicum</span> <span class='ocrx_word' id='word_1_278' title='bbox 519 1114 570 1140; x_wconf 80' lang='lat' dir='ltr'>iter,</span> <span class='ocrx_word' id='word_1_279' title='bbox 583 1121 623 1142; x_wconf 77' lang='lat'>33,</span> <span class='ocrx_word' id='word_1_280' title='bbox 636 1114 658 1135; x_wconf 84' lang='lat'>6.</span> 
     </span>
    </p>

    <p class='ocr_par' dir='ltr' id='par_1_19' title="bbox 240 1146 680 1175">
     <span class='ocr_line' id='line_1_32' title="bbox 240 1146 680 1175; baseline -0.002 -6"><span class='ocrx_word' id='word_1_281' title='bbox 240 1148 284 1169; x_wconf 81' lang='lat' dir='ltr'>iter</span> <span class='ocrx_word' id='word_1_282' title='bbox 294 1147 356 1175; x_wconf 74' lang='lat' dir='ltr'>sugae</span> <span class='ocrx_word' id='word_1_283' title='bbox 369 1153 418 1168; x_wconf 71' lang='lat' dir='ltr'>rto-n</span> <span class='ocrx_word' id='word_1_284' title='bbox 430 1146 591 1174; x_wconf 80' lang='lat' dir='ltr'>expedientes,</span> <span class='ocrx_word' id='word_1_285' title='bbox 603 1146 644 1174; x_wconf 76' lang='lat'>38,</span> <span class='ocrx_word' id='word_1_286' title='bbox 659 1153 680 1168; x_wconf 87' lang='lat' dir='ltr'>z.</span> 
     </span>
    </p>

    <p class='ocr_par' dir='ltr' id='par_1_20' title="bbox 208 1177 1060 1240">
     <span class='ocr_line' id='line_1_33' title="bbox 240 1177 1060 1207; baseline -0.001 -6"><span class='ocrx_word' id='word_1_287' title='bbox 240 1184 267 1202; x_wconf 85' lang='lat' dir='ltr'>ut</span> <span class='ocrx_word' id='word_1_288' title='bbox 286 1178 328 1200; x_wconf 80' lang='lat' dir='ltr'>iter</span> <span class='ocrx_word' id='word_1_289' title='bbox 346 1184 506 1207; x_wconf 75' lang='lat' dir='ltr'>praeparatum</span> <span class='ocrx_word' id='word_1_290' title='bbox 526 1178 589 1207; x_wconf 77' lang='lat' dir='ltr'>sugae</span> <span class='ocrx_word' id='word_1_291' title='bbox 610 1177 716 1204; x_wconf 78' lang='lat' dir='ltr'>haberet,</span> <span class='ocrx_word' id='word_1_292' title='bbox 739 1183 776 1207; x_wconf 73' lang='lat'>39,</span> <span class='ocrx_word' id='word_1_293' title='bbox 797 1178 1060 1207; x_wconf 78' lang='lat' dir='ltr'>51.—pronunciatum</span> 
     </span>
     <span class='ocr_line' id='line_1_34' title="bbox 208 1213 365 1240; baseline -0.013 -6"><span class='ocrx_word' id='word_1_294' title='bbox 208 1213 260 1240; x_wconf 81' lang='lat' dir='ltr'>iter,</span> <span class='ocrx_word' id='word_1_295' title='bbox 274 1218 314 1240; x_wconf 86' lang='lat'>30,</span> <span class='ocrx_word' id='word_1_296' title='bbox 329 1218 365 1233; x_wconf 86' lang='lat'>10.</span> 
     </span>
    </p>

    <p class='ocr_par' dir='ltr' id='par_1_21' title="bbox 240 1241 602 1272">
     <span class='ocr_line' id='line_1_35' title="bbox 240 1241 602 1272; baseline -0.006 -6"><span class='ocrx_word' id='word_1_297' title='bbox 240 1249 267 1266; x_wconf 86' lang='lat' dir='ltr'>ut</span> <span class='ocrx_word' id='word_1_298' title='bbox 279 1243 322 1265; x_wconf 84' lang='lat' dir='ltr'>iter</span> <span class='ocrx_word' id='word_1_299' title='bbox 333 1241 421 1272; x_wconf 82' lang='lat' dir='ltr'>populo</span> <span class='ocrx_word' id='word_1_300' title='bbox 433 1241 497 1269; x_wconf 76' lang='lat' dir='ltr'>efl&#39;et,</span> <span class='ocrx_word' id='word_1_301' title='bbox 511 1249 550 1270; x_wconf 77' lang='lat'>39,</span> <span class='ocrx_word' id='word_1_302' title='bbox 561 1249 602 1271; x_wconf 65' lang='lat'>44.</span> 
     </span>
    </p>

    <p class='ocr_par' dir='ltr' id='par_1_22' title="bbox 240 1273 850 1303">
     <span class='ocr_line' id='line_1_36' title="bbox 240 1273 850 1303; baseline -0.003 -6"><span class='ocrx_word' id='word_1_303' title='bbox 240 1275 310 1298; x_wconf 84' lang='lat' dir='ltr'>turba</span> <span class='ocrx_word' id='word_1_304' title='bbox 321 1274 426 1296; x_wconf 72' lang='lat' dir='ltr'>conferta</span> <span class='ocrx_word' id='word_1_305' title='bbox 438 1275 480 1296; x_wconf 82' lang='lat' dir='ltr'>iter</span> <span class='ocrx_word' id='word_1_306' title='bbox 492 1273 609 1302; x_wconf 64' lang='lat' dir='ltr'>reliquum</span> <span class='ocrx_word' id='word_1_307' title='bbox 620 1273 746 1299; x_wconf 81' lang='lat' dir='ltr'>clauserat,</span> <span class='ocrx_word' id='word_1_308' title='bbox 759 1279 798 1303; x_wconf 87' lang='lat'>39,</span> <span class='ocrx_word' id='word_1_309' title='bbox 810 1279 850 1302; x_wconf 78' lang='lat'>49.</span> 
     </span>
    </p>

    <p class='ocr_par' dir='ltr' id='par_1_23' title="bbox 198 1305 1061 1396">
     <span class='ocr_line' id='line_1_37' title="bbox 240 1305 1061 1334; baseline -0.004 -4"><span class='ocrx_word' id='word_1_310' title='bbox 240 1309 287 1330; x_wconf 86' lang='lat' dir='ltr'>hoc</span> <span class='ocrx_word' id='word_1_311' title='bbox 298 1307 400 1329; x_wconf 83' lang='lat' dir='ltr'>flumine</span> <span class='ocrx_word' id='word_1_312' title='bbox 411 1306 503 1328; x_wconf 80' lang='lat' dir='ltr'>Perseus</span> <span class='ocrx_word' id='word_1_313' title='bbox 516 1306 608 1334; x_wconf 84' lang='lat' dir='ltr'>septum</span> <span class='ocrx_word' id='word_1_314' title='bbox 620 1306 663 1328; x_wconf 87' lang='lat' dir='ltr'>iter</span> <span class='ocrx_word' id='word_1_315' title='bbox 674 1306 746 1328; x_wconf 81' lang='lat' dir='ltr'>hostis</span> <span class='ocrx_word' id='word_1_316' title='bbox 756 1305 865 1333; x_wconf 83' lang='lat' dir='ltr'>eredens,</span> <span class='ocrx_word' id='word_1_317' title='bbox 876 1311 918 1334; x_wconf 60' lang='lat'>44,</span> <span class='ocrx_word' id='word_1_318' title='bbox 931 1305 954 1327; x_wconf 90' lang='lat'>8.</span> <span class='ocrx_word' id='word_1_319' title='bbox 972 1312 1014 1334; x_wconf 90' lang='lat' dir='ltr'>pro</span> <span class='ocrx_word' id='word_1_320' title='bbox 1026 1305 1061 1327; x_wconf 80' lang='grc' dir='ltr'><em>Ιισ-</em></span> 
     </span>
     <span class='ocr_line' id='line_1_38' title="bbox 198 1336 1061 1371; baseline -0.002 -10"><span class='ocrx_word' id='word_1_321' title='bbox 198 1340 242 1369; x_wconf 74' lang='lat' dir='ltr'>sti,</span> <span class='ocrx_word' id='word_1_322' title='bbox 255 1338 431 1371; x_wconf 80' lang='lat' dir='ltr'>quemadmodum</span> <span class='ocrx_word' id='word_1_323' title='bbox 446 1338 565 1360; x_wconf 57' lang='lat' dir='ltr'>&amp;everius</span> <span class='ocrx_word' id='word_1_324' title='bbox 582 1337 686 1361; x_wconf 72' lang='lat' dir='ltr'>malebat.</span> <span class='ocrx_word' id='word_1_325' title='bbox 703 1337 749 1360; x_wconf 78' lang='lat' dir='ltr'>Sed</span> <span class='ocrx_word' id='word_1_326' title='bbox 763 1336 822 1359; x_wconf 80' lang='lat' dir='ltr'><em>illud</em></span> <span class='ocrx_word' id='word_1_327' title='bbox 834 1345 917 1369; x_wconf 74' lang='lat' dir='ltr'><em>quoquc</em></span> <span class='ocrx_word' id='word_1_328' title='bbox 933 1337 983 1359; x_wconf 77' lang='lat' dir='ltr'>bem·</span> <span class='ocrx_word' id='word_1_329' title='bbox 995 1342 1017 1359; x_wconf 79' lang='lat' dir='ltr'>e!</span> <span class='ocrx_word' id='word_1_330' title='bbox 1033 1345 1061 1359; x_wconf 67' lang='lat' dir='ltr'>en</span> 
     </span>
     <span class='ocr_line' id='line_1_39' title="bbox 207 1371 442 1396; baseline 0 -3"><span class='ocrx_word' id='word_1_331' title='bbox 207 1381 263 1396; x_wconf 73' lang='lat' dir='ltr'>more</span> <span class='ocrx_word' id='word_1_332' title='bbox 275 1371 340 1393; x_wconf 83' lang='lat' dir='ltr'>Livii</span> <span class='ocrx_word' id='word_1_333' title='bbox 352 1371 442 1393; x_wconf 60' lang='lat' dir='ltr'>difflant.</span> 
     </span>
    </p>

    <p class='ocr_par' dir='ltr' id='par_1_24' title="bbox 239 1400 960 1433">
     <span class='ocr_line' id='line_1_40' title="bbox 239 1400 960 1433; baseline -0.006 -7"><span class='ocrx_word' id='word_1_334' title='bbox 239 1410 303 1426; x_wconf 84' lang='lat' dir='ltr'>novo</span> <span class='ocrx_word' id='word_1_335' title='bbox 315 1401 446 1433; x_wconf 78' lang='lat' dir='ltr'>periculoso</span> <span class='ocrx_word' id='word_1_336' title='bbox 458 1402 549 1429; x_wconf 79' lang='lat' dir='ltr'>itinere,</span> <span class='ocrx_word' id='word_1_337' title='bbox 561 1409 602 1431; x_wconf 76' lang='lat'>43,</span> <span class='ocrx_word' id='word_1_338' title='bbox 616 1409 638 1425; x_wconf 83' lang='lat'>1.</span> <span class='ocrx_word' id='word_1_339' title='bbox 654 1401 705 1424; x_wconf 70' lang='lat' dir='ltr'>vid.</span> <span class='ocrx_word' id='word_1_340' title='bbox 719 1400 830 1423; x_wconf 64' lang='lat' dir='ltr'>Drakenb.</span> <span class='ocrx_word' id='word_1_341' title='bbox 843 1400 873 1422; x_wconf 86' lang='lat' dir='ltr'>ad</span> <span class='ocrx_word' id='word_1_342' title='bbox 887 1407 907 1428; x_wconf 88' lang='grc' dir='ltr'>ι,</span> <span class='ocrx_word' id='word_1_343' title='bbox 922 1407 960 1431; x_wconf 72' lang='lat'>¹4·</span> 
     </span>
    </p>

    <p class='ocr_par' dir='ltr' id='par_1_25' title="bbox 238 1435 594 1463">
     <span class='ocr_line' id='line_1_41' title="bbox 238 1435 594 1463; baseline -0.008 -5"><span class='ocrx_word' id='word_1_344' title='bbox 238 1443 270 1458; x_wconf 87' lang='lat' dir='ltr'>ne</span> <span class='ocrx_word' id='word_1_345' title='bbox 281 1436 366 1457; x_wconf 88' lang='lat' dir='ltr'>eodem</span> <span class='ocrx_word' id='word_1_346' title='bbox 379 1435 461 1456; x_wconf 83' lang='lat' dir='ltr'>itinere</span> <span class='ocrx_word' id='word_1_347' title='bbox 473 1438 520 1460; x_wconf 83' lang='lat' dir='ltr'>eat,</span> <span class='ocrx_word' id='word_1_348' title='bbox 532 1441 558 1462; x_wconf 82' lang='lat'>4,</span> <span class='ocrx_word' id='word_1_349' title='bbox 570 1441 594 1463; x_wconf 84' lang='lat'>4.</span> 
     </span>
    </p>

    <p class='ocr_par' dir='ltr' id='par_1_26' title="bbox 240 1465 890 1496">
     <span class='ocr_line' id='line_1_42' title="bbox 240 1465 890 1496; baseline -0.006 -6"><span class='ocrx_word' id='word_1_350' title='bbox 240 1468 332 1494; x_wconf 82' lang='lat' dir='ltr'>incerti,</span> <span class='ocrx_word' id='word_1_351' title='bbox 345 1473 418 1496; x_wconf 86' lang='lat' dir='ltr'>quam</span> <span class='ocrx_word' id='word_1_352' title='bbox 432 1466 456 1488; x_wconf 86' lang='lat' dir='ltr'>in</span> <span class='ocrx_word' id='word_1_353' title='bbox 469 1471 560 1495; x_wconf 82' lang='lat' dir='ltr'>partem</span> <span class='ocrx_word' id='word_1_354' title='bbox 573 1466 722 1488; x_wconf 81' lang='lat' dir='ltr'>intenderent</span> <span class='ocrx_word' id='word_1_355' title='bbox 734 1465 785 1492; x_wconf 90' lang='lat' dir='ltr'>iter,</span> <span class='ocrx_word' id='word_1_356' title='bbox 800 1472 838 1490; x_wconf 76' lang='grc' dir='ltr'>ιο.</span> <span class='ocrx_word' id='word_1_357' title='bbox 849 1471 890 1492; x_wconf 83' lang='lat'>43.</span> 
     </span>
    </p>

    <p class='ocr_par' dir='ltr' id='par_1_27' title="bbox 239 1495 1022 1530">
     <span class='ocr_line' id='line_1_43' title="bbox 239 1495 1022 1530; baseline -0.006 -8"><span class='ocrx_word' id='word_1_358' title='bbox 239 1500 329 1530; x_wconf 85' lang='lat' dir='ltr'>septem</span> <span class='ocrx_word' id='word_1_359' title='bbox 343 1498 418 1520; x_wconf 83' lang='lat' dir='ltr'>millia</span> <span class='ocrx_word' id='word_1_360' title='bbox 429 1498 517 1520; x_wconf 84' lang='lat' dir='ltr'>itineris</span> <span class='ocrx_word' id='word_1_361' title='bbox 529 1502 605 1524; x_wconf 87' lang='lat' dir='ltr'>erant,</span> <span class='ocrx_word' id='word_1_362' title='bbox 620 1505 659 1527; x_wconf 84' lang='lat'>30,</span> <span class='ocrx_word' id='word_1_363' title='bbox 674 1505 696 1527; x_wconf 81' lang='lat'>5.</span> <span class='ocrx_word' id='word_1_364' title='bbox 714 1497 729 1519; x_wconf 86' lang='grc' dir='ltr'>ι’,</span> <span class='ocrx_word' id='word_1_365' title='bbox 743 1506 765 1528; x_wconf 93' lang='lat' dir='ltr'>q.</span> <span class='ocrx_word' id='word_1_366' title='bbox 778 1496 908 1527; x_wconf 73' lang='lat' dir='ltr'>iterfiptem</span> <span class='ocrx_word' id='word_1_367' title='bbox 919 1495 1022 1518; x_wconf 76' lang='lat' dir='ltr'>millium.</span> 
     </span>
    </p>

    <p class='ocr_par' dir='ltr' id='par_1_28' title="bbox 238 1528 1061 1561">
     <span class='ocr_line' id='line_1_44' title="bbox 238 1528 1061 1561; baseline -0.005 -7"><span class='ocrx_word' id='word_1_368' title='bbox 238 1532 279 1561; x_wconf 89' lang='lat' dir='ltr'>qui</span> <span class='ocrx_word' id='word_1_369' title='bbox 288 1530 462 1553; x_wconf 85' lang='lat' dir='ltr'>summovendo</span> <span class='ocrx_word' id='word_1_370' title='bbox 470 1530 512 1552; x_wconf 86' lang='lat' dir='ltr'>iter</span> <span class='ocrx_word' id='word_1_371' title='bbox 522 1530 550 1552; x_wconf 83' lang='lat' dir='ltr'>ad</span> <span class='ocrx_word' id='word_1_372' title='bbox 560 1530 698 1559; x_wconf 79' lang='lat' dir='ltr'>praetorium</span> <span class='ocrx_word' id='word_1_373' title='bbox 705 1529 819 1555; x_wconf 80' lang='lat' dir='ltr'>facerent,</span> <span class='ocrx_word' id='word_1_374' title='bbox 830 1533 871 1558; x_wconf 79' lang='lat'>45,</span> <span class='ocrx_word' id='word_1_375' title='bbox 886 1533 906 1555; x_wconf 88' lang='lat'>7.</span> <span class='ocrx_word' id='word_1_376' title='bbox 917 1535 959 1557; x_wconf 81' lang='lat' dir='ltr'>pro</span> <span class='ocrx_word' id='word_1_377' title='bbox 968 1528 1061 1551; x_wconf 74' lang='lat' dir='ltr'>aditum.</span> 
     </span>
    </p>

    <p class='ocr_par' dir='ltr' id='par_1_29' title="bbox 209 1561 1061 1619">
     <span class='ocr_line' id='line_1_45' title="bbox 236 1561 1061 1593; baseline -0.005 -7"><span class='ocrx_word' id='word_1_378' title='bbox 236 1568 358 1593; x_wconf 84' lang='lat' dir='ltr'>quantum</span> <span class='ocrx_word' id='word_1_379' title='bbox 370 1563 418 1593; x_wconf 84' lang='lat' dir='ltr'>pati</span> <span class='ocrx_word' id='word_1_380' title='bbox 435 1563 479 1584; x_wconf 81' lang='lat' dir='ltr'>viae</span> <span class='ocrx_word' id='word_1_381' title='bbox 492 1569 532 1591; x_wconf 78' lang='lat' dir='ltr'>per</span> <span class='ocrx_word' id='word_1_382' title='bbox 548 1561 635 1584; x_wconf 75' lang='lat' dir='ltr'>vulnus</span> <span class='ocrx_word' id='word_1_383' title='bbox 652 1566 742 1591; x_wconf 82' lang='lat' dir='ltr'>poterat</span> <span class='ocrx_word' id='word_1_384' title='bbox 759 1561 881 1584; x_wconf 84' lang='lat' dir='ltr'>itineribus</span> <span class='ocrx_word' id='word_1_385' title='bbox 897 1561 1009 1588; x_wconf 80' lang='lat' dir='ltr'>extentis,</span> <span class='ocrx_word' id='word_1_386' title='bbox 1022 1567 1061 1589; x_wconf 82' lang='lat'>30,</span> 
     </span>
     <span class='ocr_line' id='line_1_46' title="bbox 209 1604 245 1619; baseline 0 0"><span class='ocrx_word' id='word_1_387' title='bbox 209 1604 217 1619; x_wconf 86' lang='lat'>1</span> <span class='ocrx_word' id='word_1_388' title='bbox 240 1613 245 1619; x_wconf 85' lang='lat'>.</span> 
     </span>
    </p>

    <p class='ocr_par' dir='ltr' id='par_1_30' title="bbox 223 1604 927 1657">
     <span class='ocr_line' id='line_1_47' title="bbox 223 1604 927 1657; baseline -0.006 -7"><span class='ocrx_word' id='word_1_389' title='bbox 223 1604 322 1657; x_wconf 83' lang='lat' dir='ltr'>9ingens</span> <span class='ocrx_word' id='word_1_390' title='bbox 333 1627 376 1649; x_wconf 88' lang='lat' dir='ltr'>iter</span> <span class='ocrx_word' id='word_1_391' title='bbox 387 1625 490 1655; x_wconf 78' lang='lat' dir='ltr'>agminis</span> <span class='ocrx_word' id='word_1_392' title='bbox 502 1630 560 1652; x_wconf 74' lang='lat' dir='ltr'>erat,</span> <span class='ocrx_word' id='word_1_393' title='bbox 572 1625 609 1647; x_wconf 82' lang='lat' dir='ltr'>sed</span> <span class='ocrx_word' id='word_1_394' title='bbox 623 1629 702 1648; x_wconf 86' lang='lat' dir='ltr'>metus</span> <span class='ocrx_word' id='word_1_395' title='bbox 712 1624 820 1654; x_wconf 83' lang='lat' dir='ltr'>urgebat,</span> <span class='ocrx_word' id='word_1_396' title='bbox 835 1631 874 1652; x_wconf 79' lang='lat'>32,</span> <span class='ocrx_word' id='word_1_397' title='bbox 890 1631 927 1652; x_wconf 80' lang='lat'>13.</span> 
     </span>
    </p>

    <p class='ocr_par' dir='ltr' id='par_1_31' title="bbox 237 1656 1060 1687">
     <span class='ocr_line' id='line_1_48' title="bbox 237 1656 1060 1687; baseline -0.005 -5"><span class='ocrx_word' id='word_1_398' title='bbox 237 1661 329 1686; x_wconf 79' lang='lat' dir='ltr'>itinera,</span> <span class='ocrx_word' id='word_1_399' title='bbox 343 1660 383 1685; x_wconf 80' lang='lat'>26,</span> <span class='ocrx_word' id='word_1_400' title='bbox 399 1665 434 1681; x_wconf 88' lang='grc' dir='ltr'>ιο.</span> <span class='ocrx_word' id='word_1_401' title='bbox 452 1658 477 1680; x_wconf 77' lang='lat' dir='ltr'>de</span> <span class='ocrx_word' id='word_1_402' title='bbox 485 1657 567 1687; x_wconf 73' lang='lat' dir='ltr'>plateis</span> <span class='ocrx_word' id='word_1_403' title='bbox 583 1657 642 1679; x_wconf 70' lang='lat' dir='ltr'>urbis</span> <span class='ocrx_word' id='word_1_404' title='bbox 654 1658 738 1680; x_wconf 79' lang='lat' dir='ltr'><em>Romae.</em></span> <span class='ocrx_word' id='word_1_405' title='bbox 755 1656 795 1680; x_wconf 79' lang='lat' dir='ltr'>Sic</span> <span class='ocrx_word' id='word_1_406' title='bbox 808 1663 847 1685; x_wconf 84' lang='lat'>30,</span> <span class='ocrx_word' id='word_1_407' title='bbox 860 1657 884 1679; x_wconf 88' lang='lat'>6.</span> <span class='ocrx_word' id='word_1_408' title='bbox 903 1656 987 1680; x_wconf 82' lang='lat' dir='ltr'>itinera</span> <span class='ocrx_word' id='word_1_409' title='bbox 1004 1660 1060 1686; x_wconf 79' lang='lat' dir='ltr'>por-</span> 
     </span>
    </p>

    <p class='ocr_par' dir='ltr' id='par_1_32' title="bbox 207 1698 1059 1751">
     <span class='ocr_line' id='line_1_49' title="bbox 233 1698 296 1714; baseline 0 0"><span class='ocrx_word' id='word_1_410' title='bbox 233 1698 296 1714; x_wconf 86' lang='lat' dir='ltr'>rum.</span> 
     </span>
     <span class='ocr_line' id='line_1_50' title="bbox 207 1698 1059 1751; baseline -0.004 -6"><span class='ocrx_word' id='word_1_411' title='bbox 207 1698 320 1746; x_wconf 74' lang='lat' dir='ltr'>taeorum</span> <span class='ocrx_word' id='word_1_412' title='bbox 339 1722 470 1744; x_wconf 78' lang='lat' dir='ltr'>ambitione</span> <span class='ocrx_word' id='word_1_413' title='bbox 490 1721 624 1751; x_wconf 80' lang='lat' dir='ltr'>artibusque</span> <span class='ocrx_word' id='word_1_414' title='bbox 640 1720 699 1749; x_wconf 82' lang='lat' dir='ltr'>fieri,</span> <span class='ocrx_word' id='word_1_415' title='bbox 716 1724 744 1743; x_wconf 83' lang='lat' dir='ltr'>ut</span> <span class='ocrx_word' id='word_1_416' title='bbox 759 1719 885 1750; x_wconf 72' lang='lat' dir='ltr'>obseptum</span> <span class='ocrx_word' id='word_1_417' title='bbox 904 1719 967 1750; x_wconf 83' lang='lat' dir='ltr'>plebi</span> <span class='ocrx_word' id='word_1_418' title='bbox 984 1719 1012 1742; x_wconf 83' lang='lat' dir='ltr'>sit</span> <span class='ocrx_word' id='word_1_419' title='bbox 1029 1719 1059 1742; x_wconf 81' lang='lat' dir='ltr'>ad</span> 
     </span>
    </p>
   </div>
   <div class='ocr_carea' id='block_1_3' title="bbox 205 1755 476 1784">
    <p class='ocr_par' dir='ltr' id='par_1_33' title="bbox 205 1755 476 1784">
     <span class='ocr_line' id='line_1_51' title="bbox 205 1755 476 1784; baseline -0.011 -5"><span class='ocrx_word' id='word_1_420' title='bbox 205 1758 323 1779; x_wconf 83' lang='lat' dir='ltr'>honorem</span> <span class='ocrx_word' id='word_1_421' title='bbox 336 1755 387 1782; x_wconf 79' lang='lat' dir='ltr'>iter,</span> <span class='ocrx_word' id='word_1_422' title='bbox 400 1761 425 1783; x_wconf 80' lang='lat'>4,</span> <span class='ocrx_word' id='word_1_423' title='bbox 439 1759 476 1784; x_wconf 83' lang='lat'>25.</span> 
     </span>
    </p>
   </div>
   <div class='ocr_carea' id='block_1_4' title="bbox 1104 0 1150 1988">
    <p class='ocr_par' dir='ltr' id='par_1_34' title="bbox 1104 0 1150 1988">
     <span class='ocr_line' id='line_1_52' title="bbox 1104 0 1150 1988; baseline 0 0"><span class='ocrx_word' id='word_1_424' title='bbox 1104 0 1150 1988; x_wconf 95' lang='lat' dir='ltr'> </span> 
     </span>
    </p>
   </div>
  </div>
 </body>
</html>
