1151 1988
154 126 216 156 204
346 127 594 150 GLOSSARIUM
623 129 835 152 LIVIANUM.

217 186 363 209 conscientia
374 187 443 216 ie'tus,
456 195 496 217 33,
511 189 549 211 28.
567 188 694 211 rebellione
707 189 775 217 idus,
789 197 828 219 34,
845 196 880 217 17.
899 189 914 213 ι’.
927 195 1045 222 ᾳφενηω-

183 223 226 245 tus,
239 219 366 243 admonitus.

158 250 262 278 lCTUS,
276 258 315 280 30,
332 259 368 275 10.
386 253 477 282 gravior
488 258 516 274 ac
529 252 631 281 pondere
644 253 693 282 ipso
705 253 809 276 libratior
826 254 925 284 superne
942 262 972 278 ex
989 262 1047 278 one·

188 283 253 306 rariis
265 283 324 306 ietus
335 289 394 307 erat.

220 322 271 338 non
288 317 359 339 caecis
379 316 464 339 iftibus
481 316 565 345 procul
585 323 615 339 ex
635 316 763 346 improviso
781 316 975 346 vulnerabantur,
995 318 1044 346 sed,

189 347 248 376 pede
260 348 357 375 collato,
369 353 420 370 tota
432 349 456 370 in
467 349 554 371 virtute
565 355 593 370 ac
603 349 691 371 viribus
702 349 753 379 spes
764 355 822 377 erat,
835 357 874 380 34,
890 358 926 380 14.

219 385 246 402 ut
258 385 325 402 extra
337 380 411 403 ietum
423 380 463 403 teli
475 380 557 409 errent,
571 387 610 410 34,
624 381 663 403 28.

218 417 246 434 ut
259 412 301 434 sub
313 412 387 435 ictum
399 418 524 440 venerunt,
537 412 640 435 telorum
651 418 697 436 etc.
712 418 752 441 27,
766 414 803 436 18.

218 445 323 473 gemitus
335 444 462 467 vulnerum
475 444 579 474 istasque
591 452 718 474 corporum
729 450 771 468 aut
782 452 915 474 armorum,
930 454 969 475 22,
983 453 1004 476 5.

219 476 278 499 iftus
291 477 412 499 moenium
424 484 483 500 cum
495 477 591 500 terribili
604 477 681 499 sonitu
694 477 760 505 editi,
775 479 814 506 38,
828 484 850 508 5.

156 507 248 533 1DEM,
263 514 302 536 27,
317 516 339 537 9.
358 509 422 532 idem
435 509 508 531 socios
520 509 657 531 consenfiffe
667 516 761 531 omnes.

219 541 284 563 idem
295 541 408 571 deinceps
419 542 498 563 omnis
510 542 628 564 exercitus
640 542 664 563 in
677 541 698 564 se
710 541 808 571 quisque
817 541 890 569 jurat,
904 549 927 569 2,
939 548 980 571 45.

218 573 282 595 unde
294 581 368 603 quum
382 574 466 596 eadem
478 574 559 596 reverti
572 573 646 603 poffet
658 574 686 595 ad
699 573 760 601 sum,
775 581 798 602 3,
815 579 850 601 70.
870 574 886 597 i.
899 583 920 605 q.
934 579 976 603 per
986 582 1045 596 eam-

187 604 234 626 dem
254 605 326 629 viam.
352 606 440 636 Saepr'us
459 610 612 628 commutatum
630 614 677 627 cum
701 606 794 628 eodem.
815 605 865 628 wid.
885 605 998 628 Drakenb.
1015 607 1047 628 ad

187 644 211 666 4»
225 644 262 666 33·

218 670 283 692 idem
297 670 442 697 certaminis,
458 677 496 697 10,
509 669 676 699 34.—darnni,
686 676 725 699 35,
737 676 777 699 42.

218 702 291 724 iidem
310 702 380 730 igitur
397 709 481 724 omnes
499 702 597 724 sumus:
616 706 639 724 et
659 709 736 730 quum
755 701 828 724 eadm
847 702 930 724 omnia
952 702 975 723 in
997 702 1044 724 hoc

186 733 279 756 bellum
300 734 436 760 afferamus,
454 741 508 763 quae
526 734 550 756 in
568 735 645 763 priora
661 733 797 762 attulimus,
815 733 909 756 eumdem
926 739 1042 756 eventum

187 765 240 788 belli
254 765 425 795 exspectemus,
439 766 463 793 6,
478 771 498 793 7.

218 799 242 820 in
254 798 339 820 eadem
351 805 450 820 mecum
461 799 542 821 Africa
552 798 635 827 geniti,
650 804 689 825 30,
705 804 741 820 12.

154 830 357 858 IDEMTIDEM,
371 837 400 852 ne
418 831 471 859 quis
487 829 595 857 violaret,
611 829 714 852 Talaffio
730 828 792 856 ferri,
807 828 970 856 clamitatum,
986 836 1006 855 1,
1020 836 1045 857 9.

185 862 215 892 cf-
234 869 271 890 πο,
287 870 322 892 ι9.
340 869 366 892 4,
380 870 420 885 ιο,
435 863 460 885 it.
475 868 497 891 5,
512 869 550 892 39.

153 895 163 916 J
171 894 274 917 EJUNA
297 894 399 923 seffaque
419 901 518 924 corpora
537 893 653 916 Romanis
673 897 697 915 et
716 893 815 923 rigentia
833 892 889 922 gelu
907 892 1045 922 torpebant,

185 934 224 953 21³
239 932 277 955 55·

154 958 267 981 iGlTUR
281 967 294 980 a
302 958 411 988 principio
418 957 514 988 periodi,
528 965 551 985 2,
564 958 604 987 48.

155 990 308 1017 {GNARUQ
322 998 362 1017 21,
376 998 414 1013 22.
436 990 500 1019 quod
512 990 577 1012 haud
595 989 690 1018 ignarus
707 993 766 1016 erat,
776 988 929 1011 circumitam
946 988 976 1010 ab
993 988 1042 1010 Ro-

185 1024 262 1045 manis
274 1030 327 1045 earn
343 1022 495 1053 (Hispaniam)
515 1021 596 1051 legatis
614 1021 644 1043 ad
660 1020 819 1044 sollicitandos
837 1021 973 1050 principum
991 1021 1042 1042 ani·-

182 1062 244 1077 mos.

215 1086 288 1116 ignari
299 1085 386 1109 venisse
399 1086 547 1112 difflatorem,
560 1086 585 1111 8,
599 1086 637 1113 36.

153 1119 308 1146 iGNAVUS‚
322 1126 346 1148 3,
365 1119 403 1145 67.
429 1125 503 1147 quem
524 1118 622 1140 tandem
642 1115 784 1145 ignaviffimi
804 1116 909 1138 hostium
930 1121 1042 1138 contem-

183 1152 229 1174 sere
239 1151 249 1173 Ρ

215 1183 312 1213 quando
328 1190 372 1205 nec
392 1181 449 1204 fossa
465 1181 577 1211 valloque
593 1180 623 1203 ab
641 1179 790 1209 ignaviffimo
807 1180 836 1202 ad
854 1186 924 1209 opera
940 1186 967 1201 ac
986 1186 1041 1201 mu»-

185 1216 301 1238 nientium
314 1215 379 1238 hoste
391 1214 462 1237 clausi
475 1213 556 1240 effent,
570 1220 594 1242 9,
606 1220 630 1242 4.

151 1248 248 1275 lGNlS,
271 1255 295 1276 3,
319 1253 357 1277 53.
386 1247 500 1275 vivosque
522 1246 570 1275 igni
599 1248 794 1267 concrematuros
821 1243 984 1266 minabantur.
1008 1243 1040 1273 gf.

184 1282 207 1308 6,
221 1287 259 1308 33·

215 1319 282 1334 arma
293 1311 387 1334 subdito
399 1310 453 1339 igne
464 1309 635 1335 concremavit,
648 1309 673 1336 8,
688 1315 725 1336 30.

215 1344 309 1375 ignibus
321 1347 413 1366 armata
425 1343 508 1370 ingens
525 1341 664 1367 multitudo,
681 1339 819 1368 facibusque
835 1339 972 1361 ardentibus
989 1343 1039 1361 tota

182 1376 314 1403 eolluoens,
325 1383 349 1405 4,
365 1382 402 1403 33.

213 1408 306 1430 facibus
334 1406 471 1429 ardentibus
506 1404 638 1435 plurimum
666 1403 736 1425 simul
765 1403 846 1431 ignem
874 1402 1042 1431 conjecerunt,

186 1446 353 1501 mffiffippum
371 1475 394 1492 et
411 1470 478 1498 ignes
488 1468 518 1490 ab
536 1469 598 1490 Oreo
614 1467 673 1489 editi
689 1471 843 1494 monuerant,
856 1466 893 1488 sed
905 1466 975 1488 serius
986 1466 1040 1488 Pla-

183 1506 239 1527 toris
251 1504 333 1526 fraude
345 1510 357 1525 e
369 1502 463 1531 specula
474 1500 538 1527 elati,
554 1501 592 1527 28,
608 1506 629 1527 7.

217 1543 289 1566 quem
303 1535 341 1557 ille
353 1535 465 1557 obrutum
479 1533 560 1561 ignem
577 1532 705 1560 reliquerit,
719 1531 751 1552 ita
768 1535 794 1552 ut
812 1530 880 1551 toties
898 1536 989 1551 novum
1007 1537 1038 1552 ex

184 1568 311 1598 improviso
328 1566 467 1589 incendium
485 1565 559 1591 daret,
577 1571 634 1586 eum
652 1563 674 1585 se
691 1562 872 1589 exstinflurum,
893 1569 930 1588 ro,
950 1569 988 1590 24.
1012 1561 1038 1583 de

183 1600 244 1623 bello.

215 1638 237 1655 et
250 1632 386 1661 Syphacem
404 1634 426 1651 et
445 1627 661 1657 Karthaginienses,
675 1626 717 1648 nifi
734 1625 850 1647 orientem
869 1624 939 1646 illum
956 1625 1037 1654 ignem

185 1663 342 1694 (Mafiniffizm)
356 1661 505 1692 oppreffifl'et,
519 1659 608 1688 ingenti
621 1666 679 1681 mox
691 1656 934 1683 incendio—arsuros,
948 1664 987 1685 29,
998 1664 1010 1686 3
1019 1665 1039 1680 ι.

151 1690 325 1721 ΙΟΝΟΒΠᾸΞ,
350 1701 386 1721 ιο,
407 1701 444 1717 20.
474 1692 632 1721 infrequentia
655 1691 752 1712 armatis
775 1689 839 1717 tigna
861 1689 957 1717 egressa,
980 1696 1038 1717 prae-

182 1730 238 1752 darn
258 1727 389 1758 praedaeque
407 1725 514 1748 custodes
533 1724 606 1751 exire,
624 1722 728 1752 ignobile
744 1728 841 1751 agmen,
854 1725 877 1742 et
894 1720 935 1742 sua
952 1728 1038 1750 quem»

183 1768 228 1791 que
241 1760 381 1782 molientem
393 1763 438 1780 etc.
747 1785 751 1789 .

211 1792 309 1822 ignobili
321 1796 391 1821 atque
402 1789 526 1812 inhonesta
538 1785 773 1813 mone-occubuit,
788 1792 829 1815 29,
843 1785 880 1807 18.
