1151 1988
238 137 489 163 GLOSSAMUM
517 139 734 162 [intumum.
884 141 941 174 191

119 202 181 230 haec,
193 205 219 224 ut
232 201 256 223 in
269 200 376 223 secundis
388 199 467 227 rebus,
479 199 579 229 segniter
589 199 710 229 otioseque
722 199 794 229 gesta,
810 206 849 229 23,
865 208 904 231 ¹4·

119 241 154 258 res
166 233 325 256 nihilominus
336 232 366 254 ab
379 231 462 262 legatis
472 232 624 261 gerebantur,
638 232 678 259 28,
692 239 730 254 22.

117 272 196 296 neque
208 265 231 288 id
243 270 294 288 tam
305 265 408 294 dignum
426 266 459 286 ira
469 269 529 290 erat,
540 271 615 293 quarn
627 265 702 294 quod,
714 270 781 287 extra
797 265 943 289 necessitates

86 298 150 327 belli,
163 298 312 328 praecipuum
325 297 349 319 in
362 297 485 319 Romanos
496 296 609 326 gerebant
619 296 714 325 odium,
728 297 768 325 28,
782 304 821 321 22.

118 331 179 354 adeo
189 330 300 352 infractos
311 334 400 358 gereret
410 329 515 356 animos,
530 335 553 356 7,
566 335 605 358 3¹·

117 363 210 392 Appius
220 362 271 391 jam
290 362 345 384 inde
362 362 496 390 antiquitus
513 361 609 384 insitam
627 361 784 391 pertinaciam
796 361 895 385 familiae
906 369 947 392 ge-

85 395 168 422 rendo.
181 395 244 417 solus
260 394 385 417 censuram
403 393 518 421 obtinuit,
536 402 560 424 9,
579 401 619 424 29.
636 394 666 425 “f-
679 399 728 424 cap.
747 401 785 424 ³4·
801 394 840 417 ubi
851 395 946 425 estcen-

43 443 47 446 -
85 427 164 450 sui-arn
175 433 262 457 gerere.

116 459 171 482 haee
193 460 254 482 inter
270 458 374 481 duorum
394 458 531 486 ingentium
549 457 670 481 bellorum
689 465 774 481 curam
793 458 946 489 gerebantur,

85 497 110 520 9,
124 498 163 521 30.
181 491 208 513 de
219 491 281 513 rebus
292 490 323 512 ad
333 489 458 520 religionem
466 489 634 519 pertinentibus.

53 523 282 550 GERMANlTAS,
300 529 342 552 40,
360 523 383 545 8.
402 522 533 544 subituram
551 522 618 545 vobis
635 522 766 552 aliquando
782 524 948 553 germanitatis

83 556 240 579 memoriam.
253 555 390 585 (ἱμοσι-σὶτρωι
402 554 484 582 erant).
497 555 527 585 tf
539 561 580 584 4¹,
594 561 633 582 27.

53 588 212 615 GESTARE,
227 594 266 615 27,
279 588 318 617 48.
336 586 544 609 intolerantiffima
555 587 642 609 laboris
653 593 754 617 corpora
770 588 811 610 vix
823 594 890 610 arma
902 589 950 611 hu-

85 621 159 644 meris
170 620 300 650 gestabant.

52 652 280 677 GLADIATORES
298 651 362 681 quod
380 650 544 681 spectaculum
562 650 624 674 inter
639 650 723 681 epulas
739 656 798 680 erat,
816 658 845 674 eo
862 657 948 676 ornatu

87 690 220 712 armarunt,
234 693 258 715 9,
271 692 311 714 40.

54 715 492 804 Giissifissssiiuffiffiufffssiffssiss
494 715 770 778 {1532{2‡53⁶;22³;p‡;.’
783 724 836 771 ῗῖἴ.
854 748 949 771 Μ...

113 783 244 805 adimarum.

55 791 311 841 GifADIATORitJS,
330 815 369 840 28,
384 820 422 836 21.
439 812 607 842 gladiatorium
621 812 783 842 spefflaculum
795 813 840 836 fuit
858 820 908 836 non
920 820 950 836 ex

86 855 115 870 eo
127 854 212 877 genere
229 846 371 872 bominum,
390 852 419 867 cx
432 852 481 874 quo
495 845 584 868 lanistis
597 852 736 875 comparare
754 852 807 868 mos
819 846 860 874 est,
875 846 950 868 servo-

87 887 152 907 rum,
165 880 236 909 quive
249 878 357 900 venalem
372 878 512 907 sanguinem
525 877 624 900 habent.

54 912 208 939 GLADIUS,
227 917 268 940 45,
291 917 326 938 19.
345 911 502 939 Advertaeque
518 909 603 939 gladiis
621 917 722 939 regnum
740 910 764 933 in
783 910 888 933 dubium
906 910 947 932 ad-

87 944 189 967 dufium
201 943 254 966 effe.
280 943 330 965 Vid.
342 944 444 971 cingere.

55 976 195 1002 GLAREA.
209 983 251 1004 μ,
270 982 308 1002 27.
326 976 433 997 censores
451 975 500 996 vias
517 974 653 997 sternendas
666 974 728 996 silice
746 974 769 996 in
786 974 853 1002 urbe,
872 974 951 1004 glarea

87 1015 155 1032 extra
172 1010 258 1031 urbem
271 1007 435 1030 substruendas
452 1007 849 1036 marginandasque—locaveruiit.
861 1007 892 1037 gf.
910 1014 951 1036 21,

90 1048 128 1070 3¹·
146 1041 244 1072 ubifimr
254 1040 358 1070 glareosa
371 1040 432 1062 saxa.

56 1073 170 1099 GLEBA.
184 1081 208 1101 4,
226 1080 261 1095 ιι.
280 1079 325 1094 nec
338 1071 483 1101 ulii—gleba
495 1070 544 1093 ulla
555 1071 603 1100 agri
617 1071 778 1100 assignaretur.

55 1105 221 1133 GLlSCERE,
235 1111 274 1132 27,
289 1111 310 1132 3.
329 1111 421 1126 novum
439 1104 463 1125 in
476 1103 574 1126 occulto
584 1103 684 1133 gliscens
702 1111 743 1133 per
760 1103 878 1127 indicium
896 1112 950 1135 pro-

86 1138 190 1162 tractum
203 1138 234 1160 est
246 1138 348 1159 facinus.
361 1137 377 1158 i.
390 1145 412 1167 q.
424 1135 524 1166 criscens.

119 1170 234 1201 gliscente
246 1170 322 1191 indies
332 1169 454 1195 seditione,
466 1169 490 1195 6,
506 1175 543 1197 14.
556 1168 586 1198 cf.
598 1175 639 1197 μ,
651 1175 672 1191 2.
686 1167 712 1190 it.
727 1175 749 1196 2,
762 1175 800 1197 23.
813 1169 840 1190 dc
851 1168 948 1191 invidia.

120 1210 152 1225 ne
163 1202 278 1231 glisceret,
291 1201 368 1230 prima
381 1200 524 1230 negligendo
536 1200 638 1227 bellum,
653 1208 693 1230 29,
708 1207 730 1223 2.
748 1201 777 1231 cf.
792 1208 815 1228 2,
831 1207 868 1231 ¹9·

57 1235 235 1262 GLOBOSUS,
249 1235 288 1263 58,
303 1241 342 1263 29.
359 1234 419 1255 saxis
432 1233 543 1262 globosis,
556 1233 643 1262 quibus
655 1233 729 1254 ferme
745 1239 823 1255 arenae
841 1234 952 1257 immistis

89 1269 159 1290 strata
171 1267 251 1289 littora
264 1268 324 1289 lunt,
337 1266 410 1288 sunda
424 1272 489 1287 mare
502 1270 612 1294 apertum
624 1265 772 1288 incessentes.

55 1300 193 1326 GLOBUS‚
215 1306 235 1326 1,
249 1305 271 1328 5.
289 1305 338 1320 non
357 1305 414 1320 cuin
427 1297 499 1326 globo
513 1297 717 1325 juvenum—sed,
734 1297 787 1320 aliis
803 1297 851 1320 alio
868 1298 952 1322 itinere

86 1331 154 1362 jussis
167 1337 231 1354 certo
247 1337 354 1359 ternpore
372 1330 401 1352 ad
419 1330 508 1359 regiam
521 1329 601 1351 venire
613 1329 753 1358 pastoribus,
765 1330 795 1352 ad
808 1337 888 1359 regern
907 1331 953 1353 im-

90 1370 174 1395 petum
192 1363 260 1386 tacit:
281 1369 304 1385 et
321 1369 335 1385 a
349 1362 424 1384 domo
441 1362 575 1384 Numitoris
592 1361 639 1384 alia
655 1367 794 1391 comparata
813 1369 888 1386 manu
905 1369 952 1386 etc.

89 1405 101 1419 c
115 1414 121 1419 .
134 1405 158 1418 ca
177 1413 182 1418 .
196 1403 218 1424 9.

94 1397 208 1459 fglolbus
220 1427 351 1450 mulierum
364 1426 621 1455 circumstantiumque
632 1426 816 1453 advocatorum,
828 1433 852 1455 3,
865 1432 906 1456 47.

121 1466 229 1484 extrema
248 1460 335 1482 concio
354 1465 377 1482 et
395 1460 459 1482 eirca
477 1458 578 1482 Fabium
598 1458 685 1488 globus
704 1459 861 1489 increpabant
878 1459 953 1482 incle-

92 1499 201 1516 mentem
214 1491 365 1519 elifiiatorem,
379 1492 403 1519 8,
418 1499 455 1520 32.

59 1525 274 1552 GLOMERARE,
290 1532 311 1552 1,
324 1531 364 1553 31·
381 1524 446 1546 haud
464 1522 540 1550 aliter,
553 1530 627 1553 quam
639 1530 716 1553 quum
728 1523 871 1553 grandinem
889 1524 955 1547 venti

93 1558 251 1587 glomeratam
263 1557 288 1579 in
300 1562 372 1579 terras
383 1561 468 1585 agunt,
482 1556 556 1577 crebri
569 1555 675 1578 cecidere
686 1556 748 1578 coelo
761 1556 858 1585 lapides.

59 1590 192 1618 GLORIA,
211 1597 249 1617 22,
270 1595 307 1618 39.
325 1588 425 1618 gloriam
443 1588 484 1618 qui
498 1587 617 1617 spreverit,
634 1594 716 1611 veram
733 1588 840 1611 habebit.
853 1588 868 1611 ἱ.
880 1597 898 1612 e.
910 1596 956 1611 va-

89 1631 142 1645 nam
153 1622 256 1653 gloriam.

125 1655 206 1684 glotiae
218 1661 270 1684 pars
281 1653 364 1681 virilis,
377 1653 402 1680 6,
418 1660 454 1676 11.

126 1688 176 1717 pari
189 1686 294 1717 periculo
306 1685 436 1715 gloriaque
448 1690 545 1713 eventu,
559 1693 582 1716 9,
595 1692 635 1714 40.

61 1719 229 1747 GLORIARI,
244 1725 283 1746 27=
299 1724 335 1745 17.
349 1719 491 1747 propiorque
503 1718 627 1740 excusanti
640 1716 804 1740 transitionem
815 1721 843 1739 ut
854 1717 958 1741 necessa-

95 1752 166 1780 riam,
178 1758 252 1781 quam
264 1751 375 1781 glorianti
386 1757 451 1777 eam,
465 1750 530 1772 velut
542 1750 647 1779 primam
658 1749 810 1773 occasionem
821 1755 924 1780 raptam.

129 1784 248 1813 cupiditas
259 1783 375 1813 gloriandi
388 1783 417 1805 de
428 1789 477 1809 me,
491 1783 531 1811 38,
543 1790 585 1813 49.

64 1815 236 1840 GNAVlTER
246 1815 339 1840 bellum
350 1821 438 1845 gerere,
452 1821 491 1844 30,
503 1821 527 1843 4.
