1151 1988
263 115 515 138 GLOSSAMUM
542 113 753 136 ιινιΑΝυΜ.
895 102 954 142 269

134 176 235 199 memori
253 176 326 198 deum
345 176 388 202 ira,
405 183 429 205 9,
448 182 485 203 29.
504 174 519 197 ὶ,
531 183 552 205 q.
566 181 632 206 quum
644 172 765 203 diifnfi'as
773 172 820 202 fibi
837 181 850 194 a
869 170 957 193 Potitii:

105 209 195 239 injurias
208 207 282 239 ulcisci
293 206 416 238 voluffnr.
441 206 547 236 Virgilius
557 215 564 228 .-
581 214 691 228 memorem
703 205 798 228 Junvm‘s
807 204 830 226 ab
843 204 908 227 iram.

74 240 272 267 MEMORARE,
292 241 331 266 26,
346 247 385 268 4¹·
401 239 453 268 jam
465 239 523 267 quid
535 239 582 261 hoc
599 238 662 260 bello
680 237 833 260 memorem?
855 236 956 263 Videtur,

102 281 149 295 cum
167 272 278 295 Gronoviu
293 272 389 304 quidem,
407 277 446 294 aut
463 271 509 293 hoc
526 271 554 293 de
572 270 636 293 bello
652 269 774 298 legendum,
787 275 826 291 am
844 269 890 292 hoc
907 268 959 291 bel-

101 304 162 328 lum.
180 305 220 328 sie
231 310 296 331 certe,
310 311 349 333 34,
371 306 407 327 16.
424 302 580 326 eos—consui
592 303 641 325 sine
658 301 816 325 memorando
832 301 916 331 proelio
933 301 959 323 in

103 338 242 367 potestatem
255 337 351 366 redegit.
363 337 393 367 cf.
408 342 430 364 7,
446 337 482 359 18.

71 369 241 395 MEMORlA,
257 376 294 396 ro,
308 374 347 396 37.
364 369 437 396 hujus
449 368 505 390 anni
519 374 603 397 parum
615 367 725 390 constans
737 366 855 389 memoria
866 367 907 389 est.

136 402 208 424 habet
220 402 267 424 hoc
280 401 346 424 nulia
359 401 476 423 memoria
487 401 623 427 annalium,
637 407 676 427 22,
689 406 727 427 27.

133 434 254 463 proditum
272 440 286 456 a
302 433 419 462 proximis
442 433 565 455 memoriae
583 439 721 462 temporum
745 431 844 454 illorum
862 430 956 460 scripto-

103 466 178 493 ribus,
192 473 232 494 29,
248 473 284 495 14·

135 498 234 521 censura
258 498 479 521 clara-memoriae
502 497 612 520 felicioris
638 497 668 520 ad
691 497 804 526 posteros,
825 495 888 525 quod
913 499 959 518 etc.

104 537 129 559 9,
141 538 153 553 2
174 547 180 553 ·

135 538 276 585 pgstumum
293 562 434 585 Cominium
451 560 543 584 benum
556 560 645 591 geffifl’e
660 567 720 584 eum
738 559 828 583 Volscis
846 560 964 583 memoria

104 594 212 621 cessisset,
226 603 248 621 2,
263 601 301 623 33.
319 595 334 616 ι’.
346 603 368 625 q.
382 593 501 625 excidistis,
514 593 619 616 oblivioni
630 593 737 615 traditum
749 591 806 623 eſj'et.

136 627 252 650 memoria
264 626 356 656 peffimi
369 627 481 656 proximo
492 626 557 649 bello
568 625 683 655 exempli,
698 633 721 653 2,
734 631 774 655 45.

135 666 166 681 ne
186 659 324 681 Tarentinae
347 659 446 688 quidem
466 659 527 681 arcis
546 658 635 681 excidit
657 658 784 684 memoria,
806 661 846 684 27,
865 664 886 686 3.
909 656 925 679 ι’,
944 665 963 679 e.

104 700 166 718 cura,
179 696 200 713 er
209 691 240 713 ad
255 699 304 713 eam
320 691 466 720 recipiendam
483 691 581 714 intentio.
598 690 710 713 Similiter
726 689 852 720 accipienda
869 688 964 712 videan-

104 729 149 750 tur,
163 731 188 753 4,
204 731 243 747 21.
261 723 288 747 it.
301 723 325 749 8,
341 730 376 746 ιι.

77 755 180 783 MENS,
202 763 223 783 1,
243 762 280 778 20.
298 756 327 778 ad
344 762 372 778 ea
387 755 505 778 elicienda
521 762 552 778 ex
568 755 691 778 mentibus
701 754 798 783 divinis,
815 754 869 777 Jovi
887 753 964 777 Elicio

105 787 302 811 aram—dicavit.

135 820 206 849 cujus
217 827 286 843 mens
299 819 360 842 nihil
371 824 455 850 praeter
468 820 596 850 publicum
608 820 770 843 commodum
781 819 856 848 videt,
871 825 894 848 3,
907 819 948 842 68.

136 853 193 875 sana
205 859 284 880 mens,
298 859 321 880 9,
335 859 357 881 9.

137 885 242 912 animos,
261 886 301 914 qui
324 885 408 907 nostrae
429 885 518 908 mentis
538 885 602 912 sunt,
624 884 719 907 eosdem
741 884 765 906 in
783 883 851 906 omni
869 883 966 906 fortuna

104 916 227 946 gestimus,
244 917 408 946 gerimusque:
427 924 506 947 neque
522 924 563 940 eos
574 917 685 939 secundae
702 923 737 938 res
754 915 902 942 extulerunt,
921 922 965 938 nec

105 949 206 972 adversae
223 950 374 977 minuerunt,
393 955 432 979 37,
449 956 490 979 45.
511 949 587 971 Vuim·
598 949 662 979 pff!
679 949 748 971 nostri
767 949 841 971 moris
853 947 966 978 legendum

105 980 205 1012 ff‚fi›c.
219 986 266 1011 cap.
286 982 324 1010 36.
342 982 437 1011 ignarus
453 988 477 1004 et
488 982 564 1004 animi
583 982 702 1011 Scipionis
720 986 742 1003 et
760 981 834 1004 moris
851 981 965 1003 Romani.

105 1013 152 1037 Sed
161 1013 228 1043 obsta!
239 1014 391 1045 quodammodo
402 1013 458 1037 locus
469 1019 544 1041 antea,
557 1023 568 1036 e
580 1013 634 1036 libro
646 1022 707 1041 nona,
721 1013 832 1036 laudatus.

136 1046 168 1068 dii
187 1046 335 1069 immortaies
353 1050 376 1069 et
393 1047 472 1069 vestn's
489 1051 512 1069 et
529 1047 636 1069 hostium
653 1046 837 1076 imperatoribus
855 1050 965 1069 mentem

105 1077 259 1106 ademerunt,
272 1085 296 1107 9,
309 1087 331 1109 9.

74 1109 197 1137 MENSA,
210 1117 251 1139 41,
265 1117 302 1133 20.
321 1110 375 1134 vasa
385 1117 457 1133 aurea
468 1111 559 1134 mensae
569 1111 650 1134 unius.
662 1111 678 1133 ι’.
690 1120 708 1133 e.
720 1110 783 1132 abaci
794 1110 894 1134 ornandi.

75 1142 246 1171 MENSARII,
266 1148 289 1170 7,
308 1150 347 1166 21.
364 1141 529 1173 q'uinqueviris
545 1144 639 1171 cremis,
650 1150 711 1172 quos
727 1142 857 1166 mensarios
875 1143 904 1165 ab
922 1142 967 1165 dis-

105 1174 243 1204 pensatione
255 1176 365 1205 pecuniae
376 1175 536 1205 appellarunt.
549 1176 579 1206 q]
593 1176 630 1200 26,
645 1178 683 1204 36.
701 1175 750 1198 vid.
762 1175 917 1205 argentarius.

77 1206 207 1234 MENSIS,
218 1212 241 1236 5,
261 1213 299 1236 52.
317 1207 333 1229 si
347 1215 395 1230 non
413 1208 538 1232 voluntate
554 1208 689 1231 mansimus
706 1208 731 1230 in
743 1207 862 1238 Capitolio
878 1215 919 1238 per
932 1212 966 1230 tot

105 1239 199 1262 menses
211 1239 357 1262 obsidionis?

74 1271 298 1298 MENSTRUUM,
319 1278 360 1301 44,
379 1279 401 1295 2.
421 1272 515 1300 consul,
534 1272 686 1295 menstruum
703 1271 766 1301 jusso
787 1271 865 1295 milite
882 1271 964 1295 secum

105 1303 172 1329 serre,
185 1304 302 1333 profectus
314 1309 360 1327 etc.

76 1335 216 1363 MENTIO,
229 1344 255 1365 4.
271 1344 290 1359 ι.
309 1342 331 1359 et
344 1336 446 1364 mentio,
459 1336 537 1365 primo
548 1336 633 1359 sensim
651 1336 716 1358 illata
727 1344 741 1359 a
753 1337 864 1365 tribunis,
877 1341 967 1360 ut-eo

107 1368 214 1398 proceffit
226 1369 321 1396 deinde,
335 1374 360 1391 ut
372 1374 418 1391 erc.
437 1369 466 1398 ff.
480 1373 528 1398 cap.
542 1375 580 1399 59.

138 1400 315 1430 secessionisque
333 1402 468 1424 mentiones
485 1402 514 1423 ad
533 1402 618 1431 vulgus
636 1400 744 1424 militum
761 1401 910 1425 sermonibus
927 1409 968 1424 oc·

105 1432 176 1454 cultis
188 1433 314 1461 ferentem,
330 1441 352 1462 3,
365 1440 404 1462 43.

76 1463 228 1492 MENTIRI,
244 1471 282 1492 ¹0,
295 1472 335 1495 40.
353 1465 468 1494 pullarius
480 1465 614 1495 auspicium
632 1465 728 1488 mentin'
741 1466 810 1489 ausus
821 1471 867 1490 etc.
879 1466 968 1497 Saepius

106 1496 177 1518 adhuc
188 1498 298 1519 ementiri
313 1497 393 1520 Livius
403 1497 509 1528 hocfinfit
520 1498 583 1520 dicit.
595 1497 722 1528 vid.supm
734 1498 756 1520 in
767 1498 789 1521 h.
801 1506 827 1521 v.

75 1528 224 1551 MERCARl
236 1529 397 1556 frumentum,
409 1537 434 1558 4,
449 1535 486 1559 52.

141 1560 306 1584 Hannibalern
318 1562 428 1584 transitus
441 1562 555 1590 quosdam
569 1563 643 1591 pretio
655 1567 799 1589 mercatum,
814 1570 853 1592 23,
868 1563 907 1586 28.

76 1591 253 1615 MERCATUS
271 1594 390 1623 frequens.
412 1602 432 1621 ι,
452 1601 489 1622 30.
507 1600 555 1621 aur,
574 1603 614 1626 quo
622 1595 753 1626 frequentes
771 1595 912 1623 conveniunt,
928 1601 968 1618 aur

109 1629 216 1646 mercatus
227 1625 363 1655 accipiendus
372 1631 412 1656 pro
424 1627 585 1649 mercatoribus.

76 1655 321 1683 MERCENAMUS.
335 1665 373 1687 30,
387 1660 409 1681 8.
428 1666 511 1687 quem,
524 1659 586 1681 bene
597 1659 712 1681 meritum
725 1659 754 1681 de
766 1659 788 1681 se
799 1664 824 1682 et
834 1664 906 1689 gente
917 1659 968 1688 sua,

109 1690 261 1712 mercenariis
273 1691 344 1712 armis
358 1692 380 1712 in
395 1691 502 1713 Africam
514 1697 682 1721 oppugnatum
695 1691 819 1714 venissent.

78 1719 208 1743 MERCES
221 1721 288 1750 spreti
301 1723 418 1750 numinis,
434 1730 456 1749 2,
472 1723 510 1752 36.

144 1753 484 1783 stipendium—pensum—-ea
497 1762 588 1778 merces
600 1756 751 1778 induciarum
764 1756 818 1785 fuit,
831 1763 855 1786 9,
866 1761 906 1786 41.

146 1785 280 1815 priusquam
293 1787 391 1810 infanda
402 1794 493 1810 merces
505 1788 665 1817 perficeretur,
678 1794 701 1818 5,
714 1795 754 1818 49.

500 1820 523 1842 N
538 1827 548 1849 ³
