1151 1988
165 103 207 146 96
359 109 609 133 GLOSSARIUM
636 111 849 134 LIVIANUM.

167 170 374 199 CONTEGERE,
387 171 427 198 26,
441 175 479 200 25.
499 178 540 193 eos
551 178 601 193 uno
618 171 714 194 tumulo
730 177 893 202 contegerent,
905 172 1056 197 adhiberent-

199 211 246 234 que
257 203 364 226 humatis
373 203 482 230 titulum,
494 208 540 226 etc.

233 235 356 258 conteiens
369 235 435 257 locus
447 235 535 262 linteis,
550 242 587 262 io,
600 235 638 264 38.

168 267 397 292 CONTEMNERE
409 267 601 294 multitudinem,
614 274 655 297 44,
669 272 708 295 27.
724 266 740 290 ι’.
754 276 772 291 ε.
784 276 824 291 non
836 268 952 300 requirere.

232 300 357 322 neminem
370 299 392 321 se
404 299 526 328 plebeium
538 305 719 322 contemturum
735 300 775 322 ubi
793 302 917 324 contemni
929 300 1056 329 desiissent,

198 339 225 362 4,
239 338 276 362 35.
294 337 425 353 contemnere
434 331 470 362 sc,
485 330 572 353 Dukero
584 330 716 361 explicante,
726 332 763 353 hoc
775 331 817 354 lm
830 333 858 362 ‹st
870 341 877 354 ,-
894 333 975 363 abjefie
987 338 1007 355 tt
1018 333 1058 355 hu-

200 364 284 386 militer
294 363 319 385 de
329 363 356 394 st
365 363 459 394 seruth-e,
472 363 569 385 animum
581 363 702 391 demittere,
714 363 827 394 iudignum
836 364 863 395 fi
873 365 983 387 honoribus
992 365 1059 395 judi-

197 405 257 419 care.
268 396 298 426 ff-
313 403 352 423 22,
367 402 405 425 34.

232 428 316 451 omnia
327 428 456 450 audentem
469 432 608 450 contemnet
621 426 756 455 Hannibal,
769 435 809 456 22,
823 435 861 458 39.

230 460 342 482 nondum
355 460 413 482 adeo
426 460 525 482 hiberno
541 465 666 482 contemto
684 460 756 488 mari,
769 461 809 490 38,
822 468 863 491 4¹·
880 460 896 483 ἱ.
909 469 928 483 e.
944 460 1003 492 quod
1017 468 1058 484 non

199 491 415 523 limetursiispeflum
427 491 526 514 habetur.

231 531 302 554 parva
314 524 356 546 issa
372 531 421 546 non
434 523 614 546 contemnendo
631 522 734 553 majores
751 525 822 548 nostri
840 525 977 548 maximam
994 525 1059 548 hanc

197 564 248 579 rem
259 557 376 583 fecerunt,
389 557 413 583 6,
425 563 465 585 4¹·

166 588 382 617 CONTEMT1M‚
394 594 418 617 9,
431 595 471 618 4¹·
489 587 617 617 magnifice
627 588 657 610 de
668 588 734 616 se,ac
746 588 890 611 contemtim
902 588 931 612 de
941 588 1058 612 Romanis

197 621 220 644 lo
240 625 331 643 nentes.

223 628 340 675 (adversus
352 659 379 674 ea
392 659 469 681 quum
487 651 632 674 contemtim
644 651 734 674 tribuni
753 651 785 681 pl.
804 659 853 674 rem
871 651 948 675 nihilo
964 652 1058 681 segnius

198 689 344 715 peragerent,
358 684 381 711 6,
395 685 434 713 38.
452 684 467 706 ι’.
478 692 496 706 e.
508 692 556 706 cum
569 689 674 706 contemtu
689 684 789 707 Camilli.
810 684 872 711 Himf
886 684 1058 707 Dmkenhorclrii

199 717 364 747 explicationem
372 716 479 746 probavit
490 716 521 738 ad
529 716 550 738 li.
562 715 578 738 l.
594 715 641 738 Cel.
654 716 764 738 strothius
777 724 839 747 quem
848 716 909 739 vide.

167 749 375 776 CONTEMTlQ
391 749 414 775 6,
432 755 473 777 41.
497 755 550 777 quae
572 748 666 778 propria
685 748 786 771 deorum
807 748 982 771 immortalium
999 755 1057 770 con-

199 781 284 804 temtio
296 786 367 809 atque
380 781 467 808 injuria
477 781 518 803 est.

167 812 414 841 CONTEMPLARI,
425 819 463 842 30,
476 813 516 841 36.
532 811 562 834 ab
575 811 739 842 contemplato
756 811 800 835 situ
818 812 1059 841 Karthaginis-Uti-

199 845 364 868 cam—rediit.

165 877 399 904 CON'I'ENDERE,
421 883 459 905 32,
473 881 495 906 5.
520 875 582 898 Eleis
602 875 743 905 Alipheram
764 875 965 898 contendentibus
985 883 1059 898 num-

199 917 273 939 quam
286 917 339 932 eam
353 908 437 932 urbem
449 908 514 931 fuisse
531 915 561 931 ex
578 908 711 939 Triphylia.
727 909 743 931 i.
757 916 774 930 e.
792 907 959 938 affirmantibus,
976 908 1061 939 affive-

198 941 305 964 munibus.

231 973 437 1002 contendantque,
447 977 469 995 et
482 972 569 995 animis
578 977 602 994 et
611 972 749 1002 corporibus
760 971 806 994 suis
816 971 908 994 virilem
919 972 1060 1002 patientiam

199 1006 280 1032 merse,
295 1012 315 1035 5,
329 1007 352 1028 6.
953 1029 955 1031 ,

167 1038 370 1063 CONTENTlO,
385 1043 424 1066 39,
442 1043 480 1064 39.
503 1035 611 1058 maxima
630 1043 660 1058 ex
678 1035 792 1058 omnibus
812 1036 975 1059 contentione.
1000 1035 1016 1058 ι’.
1038 1044 1057 1059 e.

195 1076 246 1100 pra:
258 1069 352 1092 omnibus
363 1068 541 1097 competitoribus.

232 1109 262 1123 ex
275 1102 306 1123 rei
319 1101 416 1130 privatae
427 1100 591 1126 contentione,
604 1105 645 1128 43,
661 1098 698 1123 16.
716 1099 733 1122 ι’.
745 1108 768 1130 q.
779 1099 805 1122 de
817 1108 839 1121 rc
849 1099 951 1129 privata.

168 1132 396 1160 CONTERRERE‚
408 1139 447 1160 24,
464 1140 501 1155 12.
519 1132 595 1159 major
606 1131 673 1153 solito
686 1137 811 1162 apparatus
828 1132 947 1161 praecipue
964 1136 1058 1154 conter-

201 1166 246 1188 ruit
260 1166 405 1194 Campanos.
422 1164 450 1194 qfi
464 1171 488 1193 3,
502 1170 537 1186 11.
555 1163 581 1185 it.
600 1170 637 1190 10,
651 1164 690 1186 28.

167 1196 422 1224 CONTICESCERE‚
436 1204 475 1223 22,
489 1201 527 1225 55.
545 1195 586 1226 uhi
599 1195 741 1217 conticuerit
752 1195 882 1218 tumultus.
898 1195 928 1225 effi
943 1203 966 1222 2,
979 1200 1017 1225 55.

231 1234 258 1252 ut
275 1230 335 1251 inter
352 1228 476 1258 strepitum
497 1232 531 1250 tot
552 1227 670 1250 bellorum
690 1228 875 1250 conticescerent
892 1227 997 1250 actiones
1015 1227 1054 1250 tri-

198 1261 313 1288 buniciae,
327 1268 351 1290 4,
364 1268 387 1283 1.
403 1260 434 1291 cf.
448 1267 470 1287 z,
485 1266 524 1288 29.

167 1293 368 1321 CONTINENS,
382 1298 422 1321 45,
437 1299 476 1320 ²9·
493 1291 558 1321 quod
572 1289 682 1321 (Paeonia)
697 1292 825 1313 continens
835 1290 890 1313 esset
903 1291 990 1314 finibus
1003 1291 1057 1314 suis.

231 1326 359 1348 continens
371 1331 470 1354 agmen,
484 1330 524 1352 27,
538 1330 577 1353 51·
594 1324 625 1355 ss.
639 1331 661 1349 z.
675 1330 714 1354 50.
732 1323 756 1345 it.
771 1331 811 1353 24,
828 1325 863 1346 16.

233 1357 384 1379 continentes
396 1357 480 1383 ruinae,
494 1363 533 1382 2¹,
546 1357 570 1378 8.

232 1390 358 1412 continens
371 1388 500 1417 imperium
512 1387 585 1416 usque
597 1387 627 1409 ad
638 1393 681 1409 nos
693 1386 820 1414 habebitis,
833 1391 855 1414 7,
870 1393 908 1415 30.

233 1421 383 1443 continentia
394 1420 487 1447 itinera,
502 1420 544 1448 38,
559 1425 596 1448 15.

231 1453 359 1482 timorique
371 1457 484 1481 perpetuo
496 1451 574 1480 ipsum
587 1450 679 1473 malum
692 1450 818 1472 continens
830 1450 883 1477 fuit,
898 1455 922 1480 5,
936 1457 975 1480 39.

200 1485 216 1508 τ’.
230 1485 301 1514 asine
312 1493 370 1506 mora
383 1483 586 1514 malrmrfiquulum
598 1483 626 1512 est
639 1482 701 1505 illum
713 1482 819 1505 timorem.

233 1517 298 1547 quod
310 1516 408 1546 quidem
420 1516 546 1538 continens
558 1515 675 1538 memoria
686 1514 720 1540 fit,
734 1520 758 1544 5,
770 1521 806 1544 34.
825 1514 841 1536 ι’.
854 1523 877 1545 q.
889 1514 991 1537 memoria
1009 1521 1058 1540 cort,-

200 1554 279 1572 lineat.

233 1582 339 1610 primum
351 1579 507 1606 continentis,
521 1584 560 1609 35,
573 1585 611 1609 43.
630 1578 646 1601 ι’,
659 1587 677 1601 e.
685 1577 761 1607 prima
774 1577 880 1600 continens
892 1583 960 1601 terra.

234 1613 274 1642 qui
296 1613 415 1642 propiores
436 1611 569 1634 continenti
589 1611 660 1633 littori
679 1615 756 1637 erant,
774 1617 816 1639 44,
833 1611 872 1633 28.
896 1610 935 1633 Sic
954 1610 1060 1632 Horatius

204 1645 278 1668 Carm.
294 1653 315 1671 ι,
332 1646 369 1671 18,
385 1651 422 1667 22.
440 1644 604 1666 continentem
617 1643 692 1671 ripam
704 1642 771 1664 dixit.

234 1677 360 1699 continens
372 1677 444 1705 regio,
459 1683 498 1705 33,
513 1677 550 1698 18.
567 1675 583 1698 i.
597 1683 618 1706 q.
631 1674 757 1696 continentis
769 1673 836 1704 regio,
847 1674 904 1703 etsie
915 1673 960 1704 legi
971 1673 1059 1696 volebat

204 1709 311 1732 Dukerus.
324 1709 353 1737 cf.
368 1715 407 1736 32,
420 1715 459 1737 33.

168 1741 369 1768 CONTlNERE‚
381 1748 423 1769 44,
437 1747 476 1768 33.
499 1739 555 1768 quia
571 1738 651 1761 nullos
667 1742 759 1768 apertos
776 1742 910 1767 evergerent
928 1738 999 1765 rivos,
1017 1744 1060 1760 oc-

202 1772 280 1796 cultos
296 1772 418 1796 continere
435 1772 527 1801 latices,
545 1778 649 1802 quorum
664 1777 732 1794 venae
753 1770 778 1793 in
798 1777 863 1794 mare
884 1774 1062 1800 permanantes,
