1151 1988
190 133 250 167 142
401 132 651 156 GLOSSAMUM
678 130 889 156 LIVIANUM.

251 192 541 217 ut—Romani—novum
564 193 593 216 de
613 193 704 223 integro
727 193 839 223 proelium
862 192 947 217 inclusi
969 188 1078 218 hostium-

219 226 283 251 vallo
293 226 418 253 ediderint,
432 233 472 254 24,
487 227 524 248 16.

250 258 374 282 ut—clara
386 258 490 287 ipsorum
502 257 594 280 ducum
609 255 722 287 (firruna)
736 256 814 280 ederet
824 258 916 285 funera,
930 265 953 286 9,
967 265 1006 282 22.

251 298 330 321 quum
347 289 464 318 majorem
482 289 507 325 in
527 289 640 318 angustiis
663 289 833 319 trepidantium
849 290 954 313 edidisset
974 290 1075 317 caedem.

219 332 260 354 31,
275 331 313 353 24.
331 323 361 353 ff.
377 329 414 350 10,
427 326 505 351 45=¹f·
520 322 560 349 28,
573 328 611 350 33.

251 354 413 385 trepidationis
424 354 576 382 aliquantum
589 352 700 381 edebant,
714 360 753 380 21,
766 354 804 376 28.
816 353 833 375 ὶ.
846 362 865 376 e.
876 354 1047 378 commovebant.

249 386 434 416 tumultumque
451 386 511 408 inter
526 385 548 408 se
565 385 691 414 majorem,
702 392 778 415 quam
796 386 822 408 in
838 386 922 416 proelio
938 387 1074 415 edentibus,

219 421 260 450 36,
275 427 282 442 1
305 435 312 442 .

251 429 311 481 [aege
324 455 347 473 et
358 454 495 473 contemtus
506 449 578 472 hostis
591 453 717 472 cruentum
730 453 850 472 certamen
863 449 945 478 edidit,
959 457 1000 477 21,
1012 457 1052 479 43.

250 490 332 507 annua
343 490 390 505 aera
402 482 484 509 habes,
496 489 603 504 annuam
616 489 714 511 operam
726 482 778 509 ede,
793 488 816 511 5,
828 489 853 511 4.
864 482 882 504 i.
893 491 911 504 e.
926 482 1015 512 pra-sta.

250 522 352 545 quaeque
369 515 471 545 populus
484 513 686 543 Karthaginiensis
703 513 727 536 in
744 514 866 536 civitatem
883 515 986 537 nostram
998 515 1075 537 faeere

218 549 318 572 molitus
335 548 376 575 est,
394 554 422 569 ea
438 551 465 569 ut
483 547 543 568 mihi
561 545 697 575 populoque
715 546 786 568 Rom.
807 546 832 568 in
849 546 972 569 civitatem
989 547 1075 569 Karth.

217 579 329 609 exempla
340 579 424 601 edendi
437 578 575 601 facultatem
588 578 657 605 detis,
671 585 711 607 29,
725 584 764 606 27.

247 612 377 635 decemviri
390 610 446 640 juffi
463 611 526 633 adire
542 610 613 633 libros
630 610 732 638 edidere,
749 616 790 640 40,
807 614 849 640 45.
861 609 877 631 i.
890 618 908 633 e.
927 609 976 633 inde
992 618 1073 633 remm-

216 652 314 668 flavere.

249 682 276 700 ut
287 675 415 699 decemviri
427 674 541 704 scriptum
554 674 687 702 ediderunt,
699 681 740 703 42,
754 680 777 697 2.

249 708 306 738 quia
318 709 350 731 ita
361 714 392 730 ex
403 707 515 730 fatalibus
527 706 593 729 libris
603 707 695 729 editum
707 711 764 733 erat,
778 712 817 733 22,
832 713 869 729 10.

249 748 303 770 quae
320 739 468 770 precationes
483 739 554 762 editae
569 746 601 762 ex
617 738 728 761 fatalibus
745 738 809 760 libris
826 739 909 766 essent,
926 745 968 768 42,
982 745 1004 762 2.
1021 737 1038 762 ι’.
1053 746 1074 762 e.

212 773 357 806 praefiriprae.

249 806 280 828 ad
300 810 356 828 vota
375 803 488 828 solvenda
507 803 562 832 diis,
583 802 719 833 munusque
740 802 1073 833 gladiatorium-edendum,

215 839 245 864 28
271 845 310 862 21.

247 854 312 893 dona
323 869 378 892 data
390 867 516 891 Mafinili'ae
529 867 691 896 mandataque
702 867 774 895 edita,
788 874 827 897 31,
843 874 879 895 ¹9·

248 903 312 926 edita
323 902 512 930 tribunis—quae
524 905 657 929 agerentur,
669 904 711 929 45,
725 906 763 928 34.

247 935 316 957 editis
333 933 438 956 hostium
455 931 568 961 consiliis,
589 939 628 961 ιο,
646 937 684 960 27.
702 931 719 954 ι’.
737 939 756 953 e.
774 930 904 958 muniatis,
918 929 1019 960 proditis.
1038 929 1073 961 (de

215 972 274 991 trans
318 966 344 994 is)

247 967 366 1024 edjii‘tigDii,
377 997 465 1026 quibus
476 996 652 1023 sacrificaretur,
667 1002 706 1024 30,
721 1002 742 1018 2.
756 1002 797 1024 40,
809 1001 849 1024 45.
862 994 888 1017 it.
900 1002 941 1024 41,
957 1001 993 1023 13.

247 1037 295 1054 vox
314 1029 440 1057 horrenda,
457 1029 521 1051 edita
536 1028 628 1058 templo
645 1034 703 1051 cum
721 1027 822 1050 tristibus
840 1027 922 1055 minis,
941 1027 964 1055 6,
983 1033 1021 1055 33.
1039 1025 1071 1057 cf.

215 1071 239 1092 2³
254 1068 275 1091 7·

246 1094 302 1118 editi
314 1094 391 1119 testes,
405 1099 444 1123 25,
458 1099 481 1121 3.
497 1091 546 1114 vid.
558 1091 630 1115 testis.

246 1127 297 1150 dies
308 1126 371 1148 edita
383 1125 470 1148 Flacco
481 1125 523 1152 est,
536 1130 582 1153 qua
594 1122 708 1146 successor
719 1121 774 1144 esset
785 1126 908 1151 venturus,
919 1128 961 1152 40,
975 1128 1015 1152 39.

246 1158 338 1182 Coelius
349 1157 469 1187 triplicem
481 1157 511 1179 rei
525 1156 593 1186 gessae
604 1155 713 1178 ordinem
725 1154 783 1181 edit,
797 1160 836 1181 27,
850 1160 889 1181 27.

246 1191 368 1215 auetorem
380 1188 436 1211 falso
447 1189 606 1219 Pythagoram
618 1187 702 1214 edunt,
719 1193 739 1214 1,
756 1187 791 1210 18.
810 1187 836 1209 it.
848 1187 889 1216 46.

245 1230 329 1246 eorum
341 1222 442 1245 nomina
453 1220 484 1243 ad
496 1221 517 1243 se
529 1220 663 1245 ederentur,
675 1225 716 1248 43,
733 1225 769 1247 ¹4·

181 1254 322 1282 EDICERE
344 1252 532 1284 exploratoribus
551 1251 616 1281 jussis
632 1258 686 1281 quae
705 1254 829 1280 comperta
848 1249 966 1280 afferrent,
989 1256 1028 1280 30,
1047 1254 1071 1281 5.

213 1289 230 1312 ι’.
243 1297 264 1320 q.
277 1287 367 1318 referre,
376 1285 528 1316 pronunciare.

245 1327 288 1351 pro
304 1319 422 1342 concione
438 1317 545 1348 praedam
562 1320 638 1346 eaptae
655 1314 720 1338 urbis
741 1314 816 1338 edixit
832 1313 940 1337 militum
950 1314 1010 1344 fore,
1028 1321 1070 1344 21,

216 1359 253 1377 tr.

245 1383 350 1415 praedam
363 1388 463 1405 omnem
474 1380 580 1403 edixerat
591 1379 717 1405 militibus,
729 1380 754 1407 8,
768 1378 806 1407 36.

244 1423 294 1446 quo
311 1416 348 1438 die
365 1414 396 1437 ad
412 1413 607 1436 conveniendum
623 1412 728 1435 edixerat
745 1411 812 1434 novis
829 1409 957 1438 militibus,
976 1417 1016 1438 22,
1033 1415 1071 1434 ιι.

212 1448 228 1472 ι’.
241 1457 260 1472 e.
272 1452 297 1471 ut
307 1446 454 1470 convenirent.

245 1481 269 1504 in
284 1480 432 1503 Sedetanum
444 1484 538 1507 agrum,
551 1483 600 1505 quo
617 1475 723 1498 edietum
734 1479 792 1503 erat,
805 1477 979 1501 convenerunt,
992 1480 1032 1502 29,
1049 1480 1070 1497 1.

245 1511 384 1542 supplicatio
402 1509 492 1541 populo
509 1508 585 1532 edieta
595 1509 638 1536 est,
658 1515 697 1537 32,
712 1515 732 1531 ι.
750 1507 777 1530 it.
799 1514 840 1535 21,
860 1507 901 1530 62.
917 1505 1069 1529 novemdiale

211 1546 314 1569 sacrum.

243 1576 330 1603 edisio,
342 1582 372 1597 ne
383 1574 437 1604 quis
449 1572 534 1601 injufl'u
546 1577 670 1603 pugnaret,
683 1577 706 1602 5,
722 1577 759 1599 19.
778 1568 890 1601 (abfialute)

243 1608 378 1637 edifitoque,
395 1611 422 1629 ut
433 1607 580 1636 quicumque
597 1605 627 1628 ad
644 1604 736 1628 vallum
753 1603 933 1632 tenderet-pro
944 1602 1010 1625 hoste
1026 1602 1071 1625 ha-

210 1641 313 1668 beretur,
330 1646 367 1667 10,
382 1639 420 1668 36.

245 1672 352 1696 consules
364 1678 393 1694 ex
405 1670 466 1693 SCto
478 1669 613 1697 edixerunt,
626 1674 663 1699 ut,
675 1669 851 1700 qui—nautam
867 1673 946 1691 unum
957 1673 1016 1690 cum
1028 1666 1068 1690 sex

212 1704 332 1729 mensium
345 1703 460 1733 stipendio
470 1703 545 1729 daret,
559 1709 599 1731 24,
614 1709 622 1724 1
631 1710 650 1724 ι.

244 1737 379 1763 edixerunt,
398 1736 493 1764 Ligures
511 1735 541 1757 ab
558 1734 638 1757 Anido
657 1733 781 1756 montibus
797 1731 946 1762 descendere,
966 1738 1008 1762 40,
1026 1730 1077 1761 38(

210 1768 252 1794 sic
264 1775 304 1800 37,
316 1775 356 1800 49.
366 1769 595 1799 hortatur-petere.
605 1766 643 1790 ubi
654 1765 704 1791 vid.
713 1766 769 1791 lun.
