<?xml version="1.0" encoding="UTF-8"?>
<!DOCTYPE html PUBLIC "-//W3C//DTD XHTML 1.0 Transitional//EN"
    "http://www.w3.org/TR/xhtml1/DTD/xhtml1-transitional.dtd">
<html xmlns="http://www.w3.org/1999/xhtml" xml:lang="en" lang="en">
 <head>
  <title>
</title>
<meta http-equiv="Content-Type" content="text/html;charset=utf-8" />
  <meta name='ocr-system' content='tesseract 3.04.00' />
  <meta name='ocr-capabilities' content='ocr_page ocr_carea ocr_par ocr_line ocrx_word'/>
</head>
<body>
  <div class='ocr_page' id='page_1' title='image "./historiarumquaes06livyuoft_0114.png"; bbox 0 0 1151 1988; ppageno 0'>
   <div class='ocr_carea' id='block_1_1' title="bbox 184 112 870 143">
    <p class='ocr_par' dir='ltr' id='par_1_1' title="bbox 184 112 870 143">
     <span class='ocr_line' id='line_1_1' title="bbox 184 112 870 143; baseline 0.006 -9"><span class='ocrx_word' id='word_1_1' title='bbox 184 112 244 143; x_wconf 70' lang='lat'>10⁴</span> <span class='ocrx_word' id='word_1_2' title='bbox 383 113 630 135; x_wconf 74' lang='lat' dir='ltr'>GLossAnluM</span> <span class='ocrx_word' id='word_1_3' title='bbox 658 115 870 138; x_wconf 80' lang='lat' dir='ltr'>LIVIANUM-</span> 
     </span>
    </p>
   </div>
   <div class='ocr_carea' id='block_1_2' title="bbox 177 171 1069 1772">
    <p class='ocr_par' dir='ltr' id='par_1_2' title="bbox 177 171 1069 1772">
     <span class='ocr_line' id='line_1_2' title="bbox 239 171 1066 226; baseline 0.006 -32"><span class='ocrx_word' id='word_1_4' title='bbox 239 171 299 226; x_wconf 68' lang='lat' dir='ltr'>Iinde</span> <span class='ocrx_word' id='word_1_5' title='bbox 318 179 376 195; x_wconf 90' lang='lat' dir='ltr'>cum</span> <span class='ocrx_word' id='word_1_6' title='bbox 395 172 486 195; x_wconf 75' lang='lat' dir='ltr'>silentio</span> <span class='ocrx_word' id='word_1_7' title='bbox 506 174 530 195; x_wconf 91' lang='lat' dir='ltr'>in</span> <span class='ocrx_word' id='word_1_8' title='bbox 546 173 624 197; x_wconf 81' lang='lat' dir='ltr'>forum</span> <span class='ocrx_word' id='word_1_9' title='bbox 642 174 716 202; x_wconf 71' lang='lat' dir='ltr'>duffi,</span> <span class='ocrx_word' id='word_1_10' title='bbox 737 181 778 205; x_wconf 81' lang='lat'>25,</span> <span class='ocrx_word' id='word_1_11' title='bbox 795 184 817 206; x_wconf 85' lang='lat'>9.</span> <span class='ocrx_word' id='word_1_12' title='bbox 838 176 854 199; x_wconf 84' lang='grc' dir='ltr'>ἱ.</span> <span class='ocrx_word' id='word_1_13' title='bbox 873 184 891 199; x_wconf 81' lang='lat' dir='ltr'>e.</span> <span class='ocrx_word' id='word_1_14' title='bbox 911 176 986 204; x_wconf 69' lang='lat' dir='ltr'>facin,</span> <span class='ocrx_word' id='word_1_15' title='bbox 1005 176 1066 201; x_wconf 73' lang='lat' dir='ltr'>dan-</span> 
     </span>
     <span class='ocr_line' id='line_1_3' title="bbox 211 213 291 227; baseline -0.013 0"><span class='ocrx_word' id='word_1_16' title='bbox 211 213 236 227; x_wconf 76' lang='lat' dir='ltr'>cu</span> <span class='ocrx_word' id='word_1_17' title='bbox 247 213 291 226; x_wconf 74' lang='lat' dir='ltr'>um.</span> 
     </span>
     <span class='ocr_line' id='line_1_4' title="bbox 243 237 1067 270; baseline 0.006 -12"><span class='ocrx_word' id='word_1_18' title='bbox 243 237 284 266; x_wconf 86' lang='lat' dir='ltr'>qui</span> <span class='ocrx_word' id='word_1_19' title='bbox 297 241 319 259; x_wconf 91' lang='lat' dir='ltr'>te</span> <span class='ocrx_word' id='word_1_20' title='bbox 331 241 430 266; x_wconf 80' lang='lat' dir='ltr'>captum</span> <span class='ocrx_word' id='word_1_21' title='bbox 443 237 533 265; x_wconf 64' lang='lat' dir='ltr'>victori,</span> <span class='ocrx_word' id='word_1_22' title='bbox 546 244 602 260; x_wconf 90' lang='lat' dir='ltr'>cum</span> <span class='ocrx_word' id='word_1_23' title='bbox 612 245 659 268; x_wconf 83' lang='lat' dir='ltr'>qua</span> <span class='ocrx_word' id='word_1_24' title='bbox 672 243 737 268; x_wconf 87' lang='lat' dir='ltr'>potes</span> <span class='ocrx_word' id='word_1_25' title='bbox 747 238 802 267; x_wconf 77' lang='lat' dir='ltr'>fidt,</span> <span class='ocrx_word' id='word_1_26' title='bbox 813 240 922 268; x_wconf 79' lang='lat' dir='ltr'>restituis,</span> <span class='ocrx_word' id='word_1_27' title='bbox 934 249 957 270; x_wconf 86' lang='lat'>9,</span> <span class='ocrx_word' id='word_1_28' title='bbox 972 247 1008 263; x_wconf 81' lang='lat'>11.</span> <span class='ocrx_word' id='word_1_29' title='bbox 1021 240 1036 263; x_wconf 82' lang='grc' dir='ltr'>ι’.</span> <span class='ocrx_word' id='word_1_30' title='bbox 1047 249 1067 264; x_wconf 78' lang='lat' dir='ltr'>e.</span> 
     </span>
     <span class='ocr_line' id='line_1_5' title="bbox 205 268 462 299; baseline 0.004 -9"><span class='ocrx_word' id='word_1_31' title='bbox 205 268 315 299; x_wconf 70' lang='lat' dir='ltr'>fideliler.</span> <span class='ocrx_word' id='word_1_32' title='bbox 328 269 357 298; x_wconf 62' lang='lat' dir='ltr'>qs.</span> <span class='ocrx_word' id='word_1_33' title='bbox 374 275 410 298; x_wconf 81' lang='lat'>39,</span> <span class='ocrx_word' id='word_1_34' title='bbox 424 276 462 297; x_wconf 86' lang='lat'>39.</span> 
     </span>
     <span class='ocr_line' id='line_1_6' title="bbox 243 301 1036 333; baseline 0.005 -11"><span class='ocrx_word' id='word_1_35' title='bbox 243 301 272 323; x_wconf 83' lang='lat' dir='ltr'>ad</span> <span class='ocrx_word' id='word_1_36' title='bbox 286 301 351 323; x_wconf 86' lang='lat' dir='ltr'>mille</span> <span class='ocrx_word' id='word_1_37' title='bbox 363 302 503 328; x_wconf 78' lang='lat' dir='ltr'>hominum,</span> <span class='ocrx_word' id='word_1_38' title='bbox 516 308 573 324; x_wconf 90' lang='lat' dir='ltr'>cum</span> <span class='ocrx_word' id='word_1_39' title='bbox 586 302 623 324; x_wconf 86' lang='lat' dir='ltr'>his</span> <span class='ocrx_word' id='word_1_40' title='bbox 636 302 931 332; x_wconf 67' lang='lat' dir='ltr'>Sempronio—amissum,</span> <span class='ocrx_word' id='word_1_41' title='bbox 945 312 983 330; x_wconf 79' lang='lat'>22,</span> <span class='ocrx_word' id='word_1_42' title='bbox 997 311 1036 333; x_wconf 81' lang='lat'>31.</span> 
     </span>
     <span class='ocr_line' id='line_1_7' title="bbox 243 333 830 364; baseline 0.007 -10"><span class='ocrx_word' id='word_1_43' title='bbox 243 339 330 362; x_wconf 83' lang='lat' dir='ltr'>porcus</span> <span class='ocrx_word' id='word_1_44' title='bbox 343 333 450 355; x_wconf 81' lang='lat' dir='ltr'>humano</span> <span class='ocrx_word' id='word_1_45' title='bbox 462 334 548 362; x_wconf 74' lang='lat' dir='ltr'>capite,</span> <span class='ocrx_word' id='word_1_46' title='bbox 562 341 600 362; x_wconf 79' lang='lat'>32,</span> <span class='ocrx_word' id='word_1_47' title='bbox 614 342 635 364; x_wconf 89' lang='lat'>9.</span> <span class='ocrx_word' id='word_1_48' title='bbox 647 334 688 355; x_wconf 77' lang='lat' dir='ltr'>alii</span> <span class='ocrx_word' id='word_1_49' title='bbox 701 341 757 357; x_wconf 86' lang='lat' dir='ltr'>curn</span> <span class='ocrx_word' id='word_1_50' title='bbox 770 335 794 357; x_wconf 88' lang='lat' dir='ltr'>h.</span> <span class='ocrx_word' id='word_1_51' title='bbox 809 342 830 358; x_wconf 86' lang='lat' dir='ltr'>c.</span> 
     </span>
     <span class='ocr_line' id='line_1_8' title="bbox 244 365 801 395; baseline 0.004 -9"><span class='ocrx_word' id='word_1_52' title='bbox 244 365 273 387; x_wconf 84' lang='lat' dir='ltr'>ad</span> <span class='ocrx_word' id='word_1_53' title='bbox 286 372 369 394; x_wconf 82' lang='lat' dir='ltr'>pacem</span> <span class='ocrx_word' id='word_1_54' title='bbox 383 372 440 387; x_wconf 87' lang='lat' dir='ltr'>cum</span> <span class='ocrx_word' id='word_1_55' title='bbox 453 365 561 394; x_wconf 77' lang='lat' dir='ltr'>precibus</span> <span class='ocrx_word' id='word_1_56' title='bbox 574 367 711 395; x_wconf 80' lang='lat' dir='ltr'>petendam,</span> <span class='ocrx_word' id='word_1_57' title='bbox 726 373 749 395; x_wconf 87' lang='lat'>9,</span> <span class='ocrx_word' id='word_1_58' title='bbox 766 367 801 389; x_wconf 81' lang='lat'>16.</span> 
     </span>
     <span class='ocr_line' id='line_1_9' title="bbox 244 397 927 428; baseline 0.004 -10"><span class='ocrx_word' id='word_1_59' title='bbox 244 404 302 419; x_wconf 87' lang='lat' dir='ltr'>cum</span> <span class='ocrx_word' id='word_1_60' title='bbox 316 397 378 418; x_wconf 82' lang='lat' dir='ltr'>bona</span> <span class='ocrx_word' id='word_1_61' title='bbox 390 404 457 426; x_wconf 82' lang='lat' dir='ltr'>pace,</span> <span class='ocrx_word' id='word_1_62' title='bbox 474 405 495 424; x_wconf 87' lang='lat' dir='ltr'>i,</span> <span class='ocrx_word' id='word_1_63' title='bbox 509 405 547 427; x_wconf 83' lang='lat'>24.</span> <span class='ocrx_word' id='word_1_64' title='bbox 559 398 608 420; x_wconf 73' lang='lat' dir='ltr'>vid.</span> <span class='ocrx_word' id='word_1_65' title='bbox 621 398 782 420; x_wconf 76' lang='lat' dir='ltr'><em>Drakenborch.</em></span> <span class='ocrx_word' id='word_1_66' title='bbox 794 398 824 420; x_wconf 78' lang='lat' dir='ltr'>ad</span> <span class='ocrx_word' id='word_1_67' title='bbox 835 399 874 427; x_wconf 79' lang='lat'>28,</span> <span class='ocrx_word' id='word_1_68' title='bbox 887 404 927 428; x_wconf 84' lang='lat'>37.</span> 
     </span>
     <span class='ocr_line' id='line_1_10' title="bbox 244 429 1069 461; baseline 0.004 -11"><span class='ocrx_word' id='word_1_69' title='bbox 244 429 294 451; x_wconf 90' lang='lat' dir='ltr'>dux</span> <span class='ocrx_word' id='word_1_70' title='bbox 313 436 371 451; x_wconf 88' lang='lat' dir='ltr'>cum</span> <span class='ocrx_word' id='word_1_71' title='bbox 389 429 479 458; x_wconf 78' lang='lat' dir='ltr'>aliquot</span> <span class='ocrx_word' id='word_1_72' title='bbox 497 430 641 459; x_wconf 86' lang='lat' dir='ltr'>principibus</span> <span class='ocrx_word' id='word_1_73' title='bbox 658 431 792 460; x_wconf 79' lang='lat' dir='ltr'>capiuntur,</span> <span class='ocrx_word' id='word_1_74' title='bbox 811 438 850 458; x_wconf 80' lang='lat'>21,</span> <span class='ocrx_word' id='word_1_75' title='bbox 869 432 907 454; x_wconf 87' lang='lat'>60.</span> <span class='ocrx_word' id='word_1_76' title='bbox 926 438 968 461; x_wconf 84' lang='lat' dir='ltr'>pro</span> <span class='ocrx_word' id='word_1_77' title='bbox 985 431 1030 454; x_wconf 67' lang='lat' dir='ltr'>dux</span> <span class='ocrx_word' id='word_1_78' title='bbox 1046 437 1069 453; x_wconf 70' lang='lat' dir='ltr'>ro</span> 
     </span>
     <span class='ocr_line' id='line_1_11' title="bbox 204 461 453 491; baseline -0.004 -8"><span class='ocrx_word' id='word_1_79' title='bbox 204 461 317 491; x_wconf 65' lang='lat' dir='ltr'>¹principes</span> <span class='ocrx_word' id='word_1_80' title='bbox 330 461 453 490; x_wconf 73' lang='lat' dir='ltr'>capiuntur.</span> 
     </span>
     <span class='ocr_line' id='line_1_12' title="bbox 244 493 1068 525; baseline 0.004 -10"><span class='ocrx_word' id='word_1_81' title='bbox 244 493 359 522; x_wconf 80' lang='lat' dir='ltr'>negaretis</span> <span class='ocrx_word' id='word_1_82' title='bbox 371 493 418 515; x_wconf 85' lang='lat' dir='ltr'>hoc</span> <span class='ocrx_word' id='word_1_83' title='bbox 430 493 490 515; x_wconf 85' lang='lat' dir='ltr'>mihi</span> <span class='ocrx_word' id='word_1_84' title='bbox 501 500 557 516; x_wconf 86' lang='lat' dir='ltr'>cum</span> <span class='ocrx_word' id='word_1_85' title='bbox 570 494 614 516; x_wconf 88' lang='lat' dir='ltr'>diis</span> <span class='ocrx_word' id='word_1_86' title='bbox 626 493 811 522; x_wconf 81' lang='lat' dir='ltr'>immortalibus,</span> <span class='ocrx_word' id='word_1_87' title='bbox 825 495 865 524; x_wconf 88' lang='lat'>38,</span> <span class='ocrx_word' id='word_1_88' title='bbox 878 495 917 525; x_wconf 83' lang='lat'>48.</span> <span class='ocrx_word' id='word_1_89' title='bbox 930 502 972 525; x_wconf 87' lang='lat' dir='ltr'>pro</span> <span class='ocrx_word' id='word_1_90' title='bbox 982 494 1037 517; x_wconf 77' lang='lat' dir='ltr'>mihi</span> <span class='ocrx_word' id='word_1_91' title='bbox 1047 499 1068 518; x_wconf 74' lang='grc' dir='ltr'>ιι</span> 
     </span>
     <span class='ocr_line' id='line_1_13' title="bbox 209 525 744 556; baseline 0 -8"><span class='ocrx_word' id='word_1_92' title='bbox 209 525 261 548; x_wconf 72' lang='lat' dir='ltr'>diis.</span> <span class='ocrx_word' id='word_1_93' title='bbox 282 525 317 547; x_wconf 77' lang='lat' dir='ltr'>Im</span> <span class='ocrx_word' id='word_1_94' title='bbox 329 525 385 547; x_wconf 80' lang='lat' dir='ltr'>enim</span> <span class='ocrx_word' id='word_1_95' title='bbox 401 525 540 556; x_wconf 69' lang='lat' dir='ltr'>Liviussola</span> <span class='ocrx_word' id='word_1_96' title='bbox 552 525 649 556; x_wconf 80' lang='lat' dir='ltr'>copulam</span> <span class='ocrx_word' id='word_1_97' title='bbox 660 526 744 549; x_wconf 77' lang='lat' dir='ltr'>vitare.</span> 
     </span>
     <span class='ocr_line' id='line_1_14' title="bbox 243 557 1067 589; baseline 0.004 -10"><span class='ocrx_word' id='word_1_98' title='bbox 243 557 325 587; x_wconf 78' lang='lat' dir='ltr'>quodsi</span> <span class='ocrx_word' id='word_1_99' title='bbox 340 557 400 580; x_wconf 84' lang='lat' dir='ltr'>nihil</span> <span class='ocrx_word' id='word_1_100' title='bbox 418 564 475 580; x_wconf 91' lang='lat' dir='ltr'>cum</span> <span class='ocrx_word' id='word_1_101' title='bbox 493 558 625 588; x_wconf 80' lang='lat' dir='ltr'>potentiore</span> <span class='ocrx_word' id='word_1_102' title='bbox 638 558 698 587; x_wconf 72' lang='lat' dir='ltr'>Juris</span> <span class='ocrx_word' id='word_1_103' title='bbox 714 558 817 581; x_wconf 87' lang='lat' dir='ltr'>humani</span> <span class='ocrx_word' id='word_1_104' title='bbox 834 558 976 589; x_wconf 78' lang='lat' dir='ltr'>relinquitur</span> <span class='ocrx_word' id='word_1_105' title='bbox 992 559 1067 589; x_wconf 77' lang='lat' dir='ltr'>inopi.</span> 
     </span>
     <span class='ocr_line' id='line_1_15' title="bbox 212 589 606 620; baseline 0.003 -8"><span class='ocrx_word' id='word_1_106' title='bbox 212 596 236 620; x_wconf 77' lang='lat'>9,</span> <span class='ocrx_word' id='word_1_107' title='bbox 251 597 272 612; x_wconf 84' lang='lat'>1.</span> <span class='ocrx_word' id='word_1_108' title='bbox 285 589 301 611; x_wconf 88' lang='grc' dir='ltr'>ι’.</span> <span class='ocrx_word' id='word_1_109' title='bbox 314 597 332 611; x_wconf 87' lang='lat' dir='ltr'>e.</span> <span class='ocrx_word' id='word_1_110' title='bbox 344 589 449 620; x_wconf 70' lang='lat' dir='ltr'>adversus</span> <span class='ocrx_word' id='word_1_111' title='bbox 457 590 606 619; x_wconf 70' lang='lat' dir='ltr'>potentiorem.</span> 
     </span>
     <span class='ocr_line' id='line_1_16' title="bbox 242 621 1068 653; baseline 0.001 -9"><span class='ocrx_word' id='word_1_112' title='bbox 242 621 366 651; x_wconf 79' lang='lat' dir='ltr'>explorato</span> <span class='ocrx_word' id='word_1_113' title='bbox 378 622 462 644; x_wconf 84' lang='lat' dir='ltr'>deinde</span> <span class='ocrx_word' id='word_1_114' title='bbox 474 627 497 644; x_wconf 86' lang='lat' dir='ltr'>et</span> <span class='ocrx_word' id='word_1_115' title='bbox 514 629 572 645; x_wconf 88' lang='lat' dir='ltr'>cum</span> <span class='ocrx_word' id='word_1_116' title='bbox 584 628 642 645; x_wconf 89' lang='lat' dir='ltr'>cura</span> <span class='ocrx_word' id='word_1_117' title='bbox 653 621 736 645; x_wconf 62' lang='lat' dir='ltr'>coacto</span> <span class='ocrx_word' id='word_1_118' title='bbox 752 623 850 652; x_wconf 77' lang='lat' dir='ltr'>agmine</span> <span class='ocrx_word' id='word_1_119' title='bbox 860 622 1012 653; x_wconf 73' lang='lat' dir='ltr'>procedebat,</span> <span class='ocrx_word' id='word_1_120' title='bbox 1027 624 1068 652; x_wconf 83' lang='lat'>38,</span> 
     </span>
     <span class='ocr_line' id='line_1_17' title="bbox 214 653 1068 685; baseline 0.001 -9"><span class='ocrx_word' id='word_1_121' title='bbox 214 654 250 676; x_wconf 81' lang='lat'>18.</span> <span class='ocrx_word' id='word_1_122' title='bbox 263 654 279 676; x_wconf 82' lang='grc' dir='ltr'>ι’.</span> <span class='ocrx_word' id='word_1_123' title='bbox 292 663 314 685; x_wconf 90' lang='lat' dir='ltr'>q.</span> <span class='ocrx_word' id='word_1_124' title='bbox 327 653 450 683; x_wconf 82' lang='lat' dir='ltr'><em>diligenter.</em></span> <span class='ocrx_word' id='word_1_125' title='bbox 467 654 506 676; x_wconf 86' lang='lat' dir='ltr'>Sic</span> <span class='ocrx_word' id='word_1_126' title='bbox 518 655 542 682; x_wconf 88' lang='grc'>8,</span> <span class='ocrx_word' id='word_1_127' title='bbox 556 659 594 684; x_wconf 84' lang='lat'>25.</span> <span class='ocrx_word' id='word_1_128' title='bbox 612 661 669 676; x_wconf 89' lang='lat' dir='ltr'>cum</span> <span class='ocrx_word' id='word_1_129' title='bbox 681 655 765 677; x_wconf 84' lang='lat' dir='ltr'>studio.</span> <span class='ocrx_word' id='word_1_130' title='bbox 783 655 810 676; x_wconf 80' lang='lat' dir='ltr'>ir.</span> <span class='ocrx_word' id='word_1_131' title='bbox 824 662 863 685; x_wconf 88' lang='lat'>29,</span> <span class='ocrx_word' id='word_1_132' title='bbox 878 661 916 682; x_wconf 80' lang='lat'>17.</span> <span class='ocrx_word' id='word_1_133' title='bbox 928 660 986 677; x_wconf 88' lang='lat' dir='ltr'>cum</span> <span class='ocrx_word' id='word_1_134' title='bbox 1003 654 1068 677; x_wconf 80' lang='lat' dir='ltr'>bona</span> 
     </span>
     <span class='ocr_line' id='line_1_18' title="bbox 209 685 1068 717; baseline 0 -9"><span class='ocrx_word' id='word_1_135' title='bbox 209 687 280 708; x_wconf 79' lang='lat' dir='ltr'>venia</span> <span class='ocrx_word' id='word_1_136' title='bbox 301 692 342 715; x_wconf 87' lang='lat' dir='ltr'>pro</span> <span class='ocrx_word' id='word_1_137' title='bbox 363 685 459 715; x_wconf 78' lang='lat' dir='ltr'>benigne.</span> <span class='ocrx_word' id='word_1_138' title='bbox 485 686 530 709; x_wconf 74' lang='lat' dir='ltr'>Sed</span> <span class='ocrx_word' id='word_1_139' title='bbox 541 686 694 716; x_wconf 80' lang='lat' dir='ltr'><em>propemodum</em></span> <span class='ocrx_word' id='word_1_140' title='bbox 714 694 756 709; x_wconf 80' lang='lat' dir='ltr'>non</span> <span class='ocrx_word' id='word_1_141' title='bbox 774 686 843 708; x_wconf 82' lang='lat' dir='ltr'>minus</span> <span class='ocrx_word' id='word_1_142' title='bbox 856 686 918 717; x_wconf 71' lang='lat' dir='ltr'>sapt</span> <span class='ocrx_word' id='word_1_143' title='bbox 935 686 1068 716; x_wconf 65' lang='lat' dir='ltr'>dgfideratur</span> 
     </span>
     <span class='ocr_line' id='line_1_19' title="bbox 212 717 1067 748; baseline 0.001 -8"><span class='ocrx_word' id='word_1_144' title='bbox 212 717 271 740; x_wconf 72' lang='lat' dir='ltr'>illud</span> <span class='ocrx_word' id='word_1_145' title='bbox 285 724 342 740; x_wconf 87' lang='lat' dir='ltr'>curn</span> <span class='ocrx_word' id='word_1_146' title='bbox 355 718 415 747; x_wconf 82' lang='lat' dir='ltr'><em>apud</em></span> <span class='ocrx_word' id='word_1_147' title='bbox 424 717 526 745; x_wconf 79' lang='lat' dir='ltr'>Livium,</span> <span class='ocrx_word' id='word_1_148' title='bbox 538 726 564 740; x_wconf 79' lang='lat' dir='ltr'>v.</span> <span class='ocrx_word' id='word_1_149' title='bbox 576 726 594 740; x_wconf 85' lang='lat' dir='ltr'>c.</span> <span class='ocrx_word' id='word_1_150' title='bbox 607 723 647 748; x_wconf 79' lang='lat'>25,</span> <span class='ocrx_word' id='word_1_151' title='bbox 662 726 700 742; x_wconf 85' lang='lat'>22.</span> <span class='ocrx_word' id='word_1_152' title='bbox 712 719 852 741; x_wconf 81' lang='lat' dir='ltr'>descendere</span> <span class='ocrx_word' id='word_1_153' title='bbox 864 719 893 741; x_wconf 84' lang='lat' dir='ltr'>ad</span> <span class='ocrx_word' id='word_1_154' title='bbox 903 719 1012 748; x_wconf 85' lang='lat' dir='ltr'>Capuam</span> <span class='ocrx_word' id='word_1_155' title='bbox 1025 726 1067 741; x_wconf 87' lang='lat' dir='ltr'>co-</span> 
     </span>
     <span class='ocr_line' id='line_1_20' title="bbox 209 749 1067 781; baseline 0.003 -10"><span class='ocrx_word' id='word_1_156' title='bbox 209 750 262 780; x_wconf 85' lang='lat' dir='ltr'>piis.</span> <span class='ocrx_word' id='word_1_157' title='bbox 281 750 307 772; x_wconf 80' lang='lat' dir='ltr'>it.</span> <span class='ocrx_word' id='word_1_158' title='bbox 327 757 349 778; x_wconf 77' lang='grc' dir='ltr'>ι,</span> <span class='ocrx_word' id='word_1_159' title='bbox 370 757 406 779; x_wconf 85' lang='lat'>14.</span> <span class='ocrx_word' id='word_1_160' title='bbox 423 749 523 780; x_wconf 73' lang='lat' dir='ltr'>egressus</span> <span class='ocrx_word' id='word_1_161' title='bbox 540 751 654 773; x_wconf 85' lang='lat' dir='ltr'>omnibus</span> <span class='ocrx_word' id='word_1_162' title='bbox 669 750 752 780; x_wconf 87' lang='lat' dir='ltr'>copiis.</span> <span class='ocrx_word' id='word_1_163' title='bbox 778 749 809 774; x_wconf 79' lang='lat' dir='ltr'>al.</span> <span class='ocrx_word' id='word_1_164' title='bbox 827 757 886 775; x_wconf 83' lang='lat' dir='ltr'>cum</span> <span class='ocrx_word' id='word_1_165' title='bbox 906 751 989 781; x_wconf 88' lang='lat' dir='ltr'>copiis.</span> <span class='ocrx_word' id='word_1_166' title='bbox 1016 749 1067 774; x_wconf 70' lang='lat' dir='ltr'>Vua.</span> 
     </span>
     <span class='ocr_line' id='line_1_21' title="bbox 210 781 416 804; baseline 0 0"><span class='ocrx_word' id='word_1_167' title='bbox 210 781 242 804; x_wconf 75' lang='lat' dir='ltr'>ibi·</span> <span class='ocrx_word' id='word_1_168' title='bbox 254 781 416 804; x_wconf 74' lang='lat' dir='ltr'>Drakenborch.</span> 
     </span>
     <span class='ocr_line' id='line_1_22' title="bbox 242 813 792 844; baseline 0.004 -8"><span class='ocrx_word' id='word_1_169' title='bbox 242 820 334 844; x_wconf 84' lang='lat' dir='ltr'>agnum</span> <span class='ocrx_word' id='word_1_170' title='bbox 346 821 404 837; x_wconf 84' lang='lat' dir='ltr'>cum</span> <span class='ocrx_word' id='word_1_171' title='bbox 417 813 488 837; x_wconf 88' lang='lat' dir='ltr'>ubere</span> <span class='ocrx_word' id='word_1_172' title='bbox 499 814 594 837; x_wconf 61' lang='lat' dir='ltr'>laetenti</span> <span class='ocrx_word' id='word_1_173' title='bbox 607 819 702 842; x_wconf 87' lang='lat' dir='ltr'>natum,</span> <span class='ocrx_word' id='word_1_174' title='bbox 716 819 755 842; x_wconf 84' lang='lat'>27,</span> <span class='ocrx_word' id='word_1_175' title='bbox 768 823 792 844; x_wconf 83' lang='lat'>4.</span> 
     </span>
     <span class='ocr_line' id='line_1_23' title="bbox 243 846 760 875; baseline 0.004 -7"><span class='ocrx_word' id='word_1_176' title='bbox 243 853 302 869; x_wconf 88' lang='lat' dir='ltr'>cum</span> <span class='ocrx_word' id='word_1_177' title='bbox 314 846 419 869; x_wconf 80' lang='lat' dir='ltr'>clamore</span> <span class='ocrx_word' id='word_1_178' title='bbox 433 847 456 868; x_wconf 91' lang='lat' dir='ltr'>in</span> <span class='ocrx_word' id='word_1_179' title='bbox 469 847 547 869; x_wconf 85' lang='lat' dir='ltr'>forum</span> <span class='ocrx_word' id='word_1_180' title='bbox 561 847 670 874; x_wconf 86' lang='lat' dir='ltr'>curritur,</span> <span class='ocrx_word' id='word_1_181' title='bbox 684 854 708 874; x_wconf 88' lang='lat' dir='ltr'>z,</span> <span class='ocrx_word' id='word_1_182' title='bbox 722 854 760 875; x_wconf 88' lang='lat'>23.</span> 
     </span>
     <span class='ocr_line' id='line_1_24' title="bbox 242 878 996 908; baseline 0.001 -7"><span class='ocrx_word' id='word_1_183' title='bbox 242 885 314 901; x_wconf 77' lang='lat' dir='ltr'>naves</span> <span class='ocrx_word' id='word_1_184' title='bbox 326 885 383 901; x_wconf 87' lang='lat' dir='ltr'>cum</span> <span class='ocrx_word' id='word_1_185' title='bbox 396 883 535 901; x_wconf 83' lang='lat' dir='ltr'>commeatu</span> <span class='ocrx_word' id='word_1_186' title='bbox 547 879 573 901; x_wconf 90' lang='lat' dir='ltr'>in</span> <span class='ocrx_word' id='word_1_187' title='bbox 584 879 690 902; x_wconf 81' lang='lat' dir='ltr'>Africam</span> <span class='ocrx_word' id='word_1_188' title='bbox 703 878 891 906; x_wconf 70' lang='lat' dir='ltr'>transmiserunt,</span> <span class='ocrx_word' id='word_1_189' title='bbox 905 885 944 907; x_wconf 82' lang='lat'>30,</span> <span class='ocrx_word' id='word_1_190' title='bbox 957 885 996 908; x_wconf 81' lang='lat'>24.</span> 
     </span>
     <span class='ocr_line' id='line_1_25' title="bbox 208 909 1069 964; baseline 0 -31"><span class='ocrx_word' id='word_1_191' title='bbox 208 942 221 964; x_wconf 58' lang='lat' dir='ltr'><em>b</em></span> <span class='ocrx_word' id='word_1_192' title='bbox 241 918 270 933; x_wconf 84' lang='lat' dir='ltr'>eo</span> <span class='ocrx_word' id='word_1_193' title='bbox 287 910 377 938; x_wconf 85' lang='lat' dir='ltr'>majore</span> <span class='ocrx_word' id='word_1_194' title='bbox 389 917 446 934; x_wconf 81' lang='lat' dir='ltr'>cum</span> <span class='ocrx_word' id='word_1_195' title='bbox 459 911 557 940; x_wconf 82' lang='lat' dir='ltr'>gaudio,</span> <span class='ocrx_word' id='word_1_196' title='bbox 572 918 593 939; x_wconf 82' lang='lat'>1,</span> <span class='ocrx_word' id='word_1_197' title='bbox 607 916 645 941; x_wconf 85' lang='lat'>25.</span> <span class='ocrx_word' id='word_1_198' title='bbox 662 910 753 933; x_wconf 81' lang='lat' dir='ltr'><em>Similia</em></span> <span class='ocrx_word' id='word_1_199' title='bbox 769 910 839 933; x_wconf 72' lang='lat' dir='ltr'>multa</span> <span class='ocrx_word' id='word_1_200' title='bbox 850 910 903 933; x_wconf 61' lang='lat' dir='ltr'>vid,</span> <span class='ocrx_word' id='word_1_201' title='bbox 914 915 951 940; x_wconf 83' lang='lat' dir='ltr'>ap.</span> <span class='ocrx_word' id='word_1_202' title='bbox 964 909 1069 933; x_wconf 73' lang='lat' dir='ltr'>Draken-</span> 
     </span>
     <span class='ocr_line' id='line_1_26' title="bbox 222 942 381 965; baseline 0 -1"><span class='ocrx_word' id='word_1_203' title='bbox 222 943 278 965; x_wconf 77' lang='lat' dir='ltr'>orch.</span> <span class='ocrx_word' id='word_1_204' title='bbox 291 943 321 964; x_wconf 74' lang='lat' dir='ltr'>mi</span> <span class='ocrx_word' id='word_1_205' title='bbox 331 943 352 965; x_wconf 83' lang='lat' dir='ltr'>h.</span> <span class='ocrx_word' id='word_1_206' title='bbox 365 942 381 965; x_wconf 90' lang='grc' dir='ltr'>Ι.</span> 
     </span>
     <span class='ocr_line' id='line_1_27' title="bbox 177 973 1067 1006; baseline -0.001 -8"><span class='ocrx_word' id='word_1_207' title='bbox 177 975 370 1002; x_wconf 83' lang='lat' dir='ltr'>CUMULARE,</span> <span class='ocrx_word' id='word_1_208' title='bbox 388 982 429 1005; x_wconf 82' lang='lat'>44,</span> <span class='ocrx_word' id='word_1_209' title='bbox 449 982 486 998; x_wconf 88' lang='lat'>12.</span> <span class='ocrx_word' id='word_1_210' title='bbox 505 975 530 997; x_wconf 91' lang='lat' dir='ltr'>in</span> <span class='ocrx_word' id='word_1_211' title='bbox 546 981 622 1004; x_wconf 87' lang='lat' dir='ltr'>quam</span> <span class='ocrx_word' id='word_1_212' title='bbox 637 973 738 1006; x_wconf 80' lang='lat' dir='ltr'>(soffam)</span> <span class='ocrx_word' id='word_1_213' title='bbox 752 973 888 1005; x_wconf 80' lang='lat' dir='ltr'>compulsos</span> <span class='ocrx_word' id='word_1_214' title='bbox 900 974 969 998; x_wconf 81' lang='lat' dir='ltr'>ruina</span> <span class='ocrx_word' id='word_1_215' title='bbox 980 981 1067 997; x_wconf 79' lang='lat' dir='ltr'>cumu-</span> 
     </span>
     <span class='ocr_line' id='line_1_28' title="bbox 208 1007 438 1030; baseline -0.004 -1"><span class='ocrx_word' id='word_1_216' title='bbox 208 1007 268 1030; x_wconf 83' lang='lat' dir='ltr'>lant.</span> <span class='ocrx_word' id='word_1_217' title='bbox 280 1007 296 1030; x_wconf 83' lang='lat' dir='ltr'>i.</span> <span class='ocrx_word' id='word_1_218' title='bbox 309 1016 326 1029; x_wconf 74' lang='lat' dir='ltr'>t.</span> <span class='ocrx_word' id='word_1_219' title='bbox 339 1007 438 1030; x_wconf 83' lang='lat' dir='ltr'>obruunt.</span> 
     </span>
     <span class='ocr_line' id='line_1_29' title="bbox 241 1038 853 1068; baseline 0 -7"><span class='ocrx_word' id='word_1_220' title='bbox 241 1039 308 1061; x_wconf 85' lang='lat' dir='ltr'>loeus</span> <span class='ocrx_word' id='word_1_221' title='bbox 320 1040 393 1068; x_wconf 83' lang='lat' dir='ltr'>strage</span> <span class='ocrx_word' id='word_1_222' title='bbox 405 1039 511 1062; x_wconf 81' lang='lat' dir='ltr'>semiruti</span> <span class='ocrx_word' id='word_1_223' title='bbox 523 1039 586 1061; x_wconf 89' lang='lat' dir='ltr'>muri</span> <span class='ocrx_word' id='word_1_224' title='bbox 598 1038 746 1066; x_wconf 77' lang='lat' dir='ltr'>cumulatus,</span> <span class='ocrx_word' id='word_1_225' title='bbox 760 1045 800 1067; x_wconf 83' lang='lat'>32,</span> <span class='ocrx_word' id='word_1_226' title='bbox 816 1044 853 1066; x_wconf 81' lang='lat'>17.</span> 
     </span>
     <span class='ocr_line' id='line_1_30' title="bbox 241 1071 857 1101; baseline 0 -8"><span class='ocrx_word' id='word_1_227' title='bbox 241 1078 306 1093; x_wconf 83' lang='lat' dir='ltr'>arma</span> <span class='ocrx_word' id='word_1_228' title='bbox 320 1071 444 1093; x_wconf 84' lang='lat' dir='ltr'>cumulata</span> <span class='ocrx_word' id='word_1_229' title='bbox 457 1071 481 1093; x_wconf 93' lang='lat' dir='ltr'>in</span> <span class='ocrx_word' id='word_1_230' title='bbox 494 1071 616 1100; x_wconf 84' lang='lat' dir='ltr'>ingentem</span> <span class='ocrx_word' id='word_1_231' title='bbox 629 1077 751 1098; x_wconf 80' lang='lat' dir='ltr'>acervum,</span> <span class='ocrx_word' id='word_1_232' title='bbox 764 1077 806 1101; x_wconf 82' lang='lat'>45,</span> <span class='ocrx_word' id='word_1_233' title='bbox 819 1077 857 1100; x_wconf 85' lang='lat'>33.</span> 
     </span>
     <span class='ocr_line' id='line_1_31' title="bbox 241 1102 780 1131; baseline -0.002 -5"><span class='ocrx_word' id='word_1_234' title='bbox 241 1104 421 1131; x_wconf 67' lang='lat' dir='ltr'>arae—honore,</span> <span class='ocrx_word' id='word_1_235' title='bbox 433 1103 511 1130; x_wconf 88' lang='lat' dir='ltr'>donis,</span> <span class='ocrx_word' id='word_1_236' title='bbox 524 1102 690 1130; x_wconf 82' lang='lat' dir='ltr'>cumulentur,</span> <span class='ocrx_word' id='word_1_237' title='bbox 704 1103 727 1130; x_wconf 88' lang='lat'>8,</span> <span class='ocrx_word' id='word_1_238' title='bbox 742 1109 780 1131; x_wconf 84' lang='lat'>33.</span> 
     </span>
     <span class='ocr_line' id='line_1_32' title="bbox 241 1132 1067 1165; baseline -0.002 -7"><span class='ocrx_word' id='word_1_239' title='bbox 241 1135 395 1162; x_wconf 78' lang='lat' dir='ltr'>accefferunt,</span> <span class='ocrx_word' id='word_1_240' title='bbox 416 1141 471 1165; x_wconf 81' lang='lat' dir='ltr'>quae</span> <span class='ocrx_word' id='word_1_241' title='bbox 488 1135 641 1158; x_wconf 75' lang='lat' dir='ltr'>cumularent</span> <span class='ocrx_word' id='word_1_242' title='bbox 659 1135 784 1164; x_wconf 80' lang='lat' dir='ltr'>religiones</span> <span class='ocrx_word' id='word_1_243' title='bbox 804 1133 900 1162; x_wconf 74' lang='lat' dir='ltr'>animis,</span> <span class='ocrx_word' id='word_1_244' title='bbox 918 1141 959 1164; x_wconf 84' lang='lat'>42,</span> <span class='ocrx_word' id='word_1_245' title='bbox 977 1139 1016 1156; x_wconf 82' lang='lat'>20.</span> <span class='ocrx_word' id='word_1_246' title='bbox 1036 1132 1067 1163; x_wconf 76' lang='lat' dir='ltr'>‘f-</span> 
     </span>
     <span class='ocr_line' id='line_1_33' title="bbox 211 1173 286 1196; baseline -0.027 0"><span class='ocrx_word' id='word_1_247' title='bbox 211 1175 233 1196; x_wconf 75' lang='grc'>3,</span> <span class='ocrx_word' id='word_1_248' title='bbox 247 1173 286 1196; x_wconf 84' lang='lat'>37·</span> 
     </span>
     <span class='ocr_line' id='line_1_34' title="bbox 177 1197 931 1228; baseline -0.005 -5"><span class='ocrx_word' id='word_1_249' title='bbox 177 1199 346 1228; x_wconf 87' lang='lat' dir='ltr'>CUMULUS,</span> <span class='ocrx_word' id='word_1_250' title='bbox 361 1205 400 1227; x_wconf 81' lang='lat'>22,</span> <span class='ocrx_word' id='word_1_251' title='bbox 414 1204 436 1226; x_wconf 84' lang='lat'>7.</span> <span class='ocrx_word' id='word_1_252' title='bbox 448 1206 480 1221; x_wconf 87' lang='lat' dir='ltr'>ex</span> <span class='ocrx_word' id='word_1_253' title='bbox 494 1199 598 1221; x_wconf 83' lang='lat' dir='ltr'>hostium</span> <span class='ocrx_word' id='word_1_254' title='bbox 611 1203 805 1221; x_wconf 82' lang='lat' dir='ltr'>coacervatorum</span> <span class='ocrx_word' id='word_1_255' title='bbox 817 1197 931 1220; x_wconf 85' lang='lat' dir='ltr'>cumulis.</span> 
     </span>
     <span class='ocr_line' id='line_1_35' title="bbox 242 1228 1068 1261; baseline -0.002 -8"><span class='ocrx_word' id='word_1_256' title='bbox 242 1232 356 1254; x_wconf 87' lang='lat' dir='ltr'>cumulus</span> <span class='ocrx_word' id='word_1_257' title='bbox 373 1236 468 1261; x_wconf 83' lang='lat' dir='ltr'>repente</span> <span class='ocrx_word' id='word_1_258' title='bbox 485 1236 551 1252; x_wconf 75' lang='lat' dir='ltr'>terrae</span> <span class='ocrx_word' id='word_1_259' title='bbox 567 1231 676 1253; x_wconf 85' lang='lat' dir='ltr'>eminens</span> <span class='ocrx_word' id='word_1_260' title='bbox 694 1230 766 1253; x_wconf 78' lang='lat' dir='ltr'>index</span> <span class='ocrx_word' id='word_1_261' title='bbox 783 1230 859 1259; x_wconf 83' lang='lat' dir='ltr'>operis</span> <span class='ocrx_word' id='word_1_262' title='bbox 876 1228 1001 1258; x_wconf 77' lang='lat' dir='ltr'>oppidanis</span> <span class='ocrx_word' id='word_1_263' title='bbox 1012 1228 1068 1256; x_wconf 78' lang='lat' dir='ltr'>fuit,</span> 
     </span>
     <span class='ocr_line' id='line_1_36' title="bbox 210 1261 956 1294; baseline -0.003 -9"><span class='ocrx_word' id='word_1_264' title='bbox 210 1265 249 1293; x_wconf 84' lang='lat'>38,</span> <span class='ocrx_word' id='word_1_265' title='bbox 265 1270 286 1291; x_wconf 92' lang='lat'>7.</span> <span class='ocrx_word' id='word_1_266' title='bbox 300 1264 397 1294; x_wconf 67' lang='lat' dir='ltr'>(iffeHus</span> <span class='ocrx_word' id='word_1_267' title='bbox 409 1262 512 1291; x_wconf 75' lang='lat' dir='ltr'>cuniculi)</span> <span class='ocrx_word' id='word_1_268' title='bbox 526 1263 556 1293; x_wconf 59' lang='lat' dir='ltr'>gf.</span> <span class='ocrx_word' id='word_1_269' title='bbox 568 1270 608 1292; x_wconf 73' lang='lat'>44,</span> <span class='ocrx_word' id='word_1_270' title='bbox 625 1270 660 1285; x_wconf 88' lang='grc' dir='ltr'>ιι.</span> <span class='ocrx_word' id='word_1_271' title='bbox 678 1262 719 1284; x_wconf 72' lang='lat' dir='ltr'>alii</span> <span class='ocrx_word' id='word_1_272' title='bbox 731 1262 820 1291; x_wconf 82' lang='lat' dir='ltr'>legunt:</span> <span class='ocrx_word' id='word_1_273' title='bbox 838 1261 956 1284; x_wconf 79' lang='lat' dir='ltr'>tumulus.</span> 
     </span>
     <span class='ocr_line' id='line_1_37' title="bbox 241 1294 891 1324; baseline -0.006 -6"><span class='ocrx_word' id='word_1_274' title='bbox 241 1302 363 1318; x_wconf 83' lang='lat' dir='ltr'>armorum</span> <span class='ocrx_word' id='word_1_275' title='bbox 376 1294 487 1317; x_wconf 82' lang='lat' dir='ltr'>cumulos</span> <span class='ocrx_word' id='word_1_276' title='bbox 499 1301 645 1322; x_wconf 67' lang='lat' dir='ltr'>coacerxare,</span> <span class='ocrx_word' id='word_1_277' title='bbox 659 1301 682 1324; x_wconf 84' lang='lat'>5,</span> <span class='ocrx_word' id='word_1_278' title='bbox 698 1301 735 1323; x_wconf 85' lang='lat'>39.</span> <span class='ocrx_word' id='word_1_279' title='bbox 747 1294 778 1323; x_wconf 83' lang='lat' dir='ltr'>cf.</span> <span class='ocrx_word' id='word_1_280' title='bbox 790 1297 838 1322; x_wconf 82' lang='lat' dir='ltr'><em>cap.</em></span> <span class='ocrx_word' id='word_1_281' title='bbox 852 1294 891 1322; x_wconf 85' lang='lat'>48.</span> 
     </span>
     <span class='ocr_line' id='line_1_38' title="bbox 240 1323 1068 1356; baseline -0.005 -6"><span class='ocrx_word' id='word_1_282' title='bbox 240 1333 267 1350; x_wconf 87' lang='lat' dir='ltr'>ut</span> <span class='ocrx_word' id='word_1_283' title='bbox 291 1329 372 1350; x_wconf 82' lang='lat' dir='ltr'>minus</span> <span class='ocrx_word' id='word_1_284' title='bbox 392 1327 484 1349; x_wconf 83' lang='lat' dir='ltr'>clarum</span> <span class='ocrx_word' id='word_1_285' title='bbox 507 1326 659 1356; x_wconf 76' lang='lat' dir='ltr'>(triumphum)</span> <span class='ocrx_word' id='word_1_286' title='bbox 683 1327 712 1348; x_wconf 89' lang='lat' dir='ltr'>de</span> <span class='ocrx_word' id='word_1_287' title='bbox 734 1325 891 1352; x_wconf 77' lang='lat' dir='ltr'>Samnitibus,</span> <span class='ocrx_word' id='word_1_288' title='bbox 913 1325 946 1346; x_wconf 83' lang='lat' dir='ltr'>ita</span> <span class='ocrx_word' id='word_1_289' title='bbox 967 1323 1068 1347; x_wconf 91' lang='lat' dir='ltr'>cumulo</span> 
     </span>
     <span class='ocr_line' id='line_1_39' title="bbox 210 1359 619 1388; baseline -0.005 -6"><span class='ocrx_word' id='word_1_290' title='bbox 210 1360 300 1383; x_wconf 80' lang='lat' dir='ltr'>Etrusci</span> <span class='ocrx_word' id='word_1_291' title='bbox 313 1359 367 1382; x_wconf 81' lang='lat' dir='ltr'>belli</span> <span class='ocrx_word' id='word_1_292' title='bbox 380 1364 514 1388; x_wconf 71' lang='lat' dir='ltr'>aequatum,</span> <span class='ocrx_word' id='word_1_293' title='bbox 530 1366 568 1385; x_wconf 84' lang='grc' dir='ltr'>ιο,</span> <span class='ocrx_word' id='word_1_294' title='bbox 580 1359 619 1387; x_wconf 86' lang='lat'>46.</span> 
     </span>
     <span class='ocr_line' id='line_1_40' title="bbox 242 1387 1066 1419; baseline -0.006 -5"><span class='ocrx_word' id='word_1_295' title='bbox 242 1393 265 1414; x_wconf 89' lang='lat' dir='ltr'>in</span> <span class='ocrx_word' id='word_1_296' title='bbox 285 1393 331 1414; x_wconf 89' lang='lat' dir='ltr'>hoc</span> <span class='ocrx_word' id='word_1_297' title='bbox 352 1391 470 1413; x_wconf 84' lang='lat' dir='ltr'>immenso</span> <span class='ocrx_word' id='word_1_298' title='bbox 490 1390 590 1412; x_wconf 82' lang='lat' dir='ltr'>aliarum</span> <span class='ocrx_word' id='word_1_299' title='bbox 609 1390 676 1419; x_wconf 85' lang='lat' dir='ltr'>super</span> <span class='ocrx_word' id='word_1_300' title='bbox 695 1389 752 1411; x_wconf 81' lang='lat' dir='ltr'>alias</span> <span class='ocrx_word' id='word_1_301' title='bbox 770 1393 963 1410; x_wconf 78' lang='lat' dir='ltr'>coacervatarum</span> <span class='ocrx_word' id='word_1_302' title='bbox 984 1387 1066 1416; x_wconf 83' lang='lat' dir='ltr'>legum</span> 
     </span>
     <span class='ocr_line' id='line_1_41' title="bbox 207 1424 404 1453; baseline -0.01 -7"><span class='ocrx_word' id='word_1_303' title='bbox 207 1424 317 1448; x_wconf 83' lang='lat' dir='ltr'>cumulo.</span> <span class='ocrx_word' id='word_1_304' title='bbox 330 1430 352 1451; x_wconf 82' lang='lat'>3,</span> <span class='ocrx_word' id='word_1_305' title='bbox 366 1430 404 1453; x_wconf 75' lang='lat'>34.</span> 
     </span>
     <span class='ocr_line' id='line_1_42' title="bbox 177 1451 959 1485; baseline -0.008 -6"><span class='ocrx_word' id='word_1_306' title='bbox 177 1455 357 1482; x_wconf 82' lang='lat' dir='ltr'>CUNCTARl,</span> <span class='ocrx_word' id='word_1_307' title='bbox 371 1461 410 1481; x_wconf 81' lang='lat'>22,</span> <span class='ocrx_word' id='word_1_308' title='bbox 424 1462 461 1485; x_wconf 75' lang='lat'>24.</span> <span class='ocrx_word' id='word_1_309' title='bbox 475 1454 574 1476; x_wconf 88' lang='lat' dir='ltr'>sedendo</span> <span class='ocrx_word' id='word_1_310' title='bbox 586 1458 608 1476; x_wconf 86' lang='lat' dir='ltr'>et</span> <span class='ocrx_word' id='word_1_311' title='bbox 620 1452 756 1476; x_wconf 59' lang='lat' dir='ltr'>cunetando</span> <span class='ocrx_word' id='word_1_312' title='bbox 768 1451 860 1475; x_wconf 85' lang='lat' dir='ltr'>bellurn</span> <span class='ocrx_word' id='word_1_313' title='bbox 871 1458 959 1481; x_wconf 85' lang='lat' dir='ltr'>gerere.</span> 
     </span>
     <span class='ocr_line' id='line_1_43' title="bbox 178 1486 680 1515; baseline -0.01 -3"><span class='ocrx_word' id='word_1_314' title='bbox 178 1488 330 1512; x_wconf 67' lang='lat' dir='ltr'>CUhCTUS</span> <span class='ocrx_word' id='word_1_315' title='bbox 345 1487 437 1510; x_wconf 77' lang='lat' dir='ltr'>senatus</span> <span class='ocrx_word' id='word_1_316' title='bbox 450 1486 606 1515; x_wconf 77' lang='lat' dir='ltr'>populusque,</span> <span class='ocrx_word' id='word_1_317' title='bbox 620 1493 643 1514; x_wconf 86' lang='lat'>9,</span> <span class='ocrx_word' id='word_1_318' title='bbox 657 1486 680 1508; x_wconf 74' lang='lat' dir='ltr'>(i.</span> 
     </span>
     <span class='ocr_line' id='line_1_44' title="bbox 243 1513 1068 1547; baseline -0.007 -5"><span class='ocrx_word' id='word_1_319' title='bbox 243 1520 399 1542; x_wconf 77' lang='lat' dir='ltr'>admiratione</span> <span class='ocrx_word' id='word_1_320' title='bbox 417 1518 556 1547; x_wconf 77' lang='lat' dir='ltr'>paventibus</span> <span class='ocrx_word' id='word_1_321' title='bbox 569 1518 661 1540; x_wconf 71' lang='lat' dir='ltr'>cuiiffls</span> <span class='ocrx_word' id='word_1_322' title='bbox 673 1523 750 1546; x_wconf 91' lang='lat' dir='ltr'>quum</span> <span class='ocrx_word' id='word_1_323' title='bbox 766 1516 878 1538; x_wconf 87' lang='lat' dir='ltr'>omnium</span> <span class='ocrx_word' id='word_1_324' title='bbox 891 1515 914 1537; x_wconf 90' lang='lat' dir='ltr'>in</span> <span class='ocrx_word' id='word_1_325' title='bbox 928 1515 950 1537; x_wconf 86' lang='lat' dir='ltr'>se</span> <span class='ocrx_word' id='word_1_326' title='bbox 967 1513 1068 1536; x_wconf 72' lang='lat' dir='ltr'>vertisset</span> 
     </span>
     <span class='ocr_line' id='line_1_45' title="bbox 209 1545 1067 1580; baseline -0.009 -5"><span class='ocrx_word' id='word_1_327' title='bbox 209 1552 302 1579; x_wconf 83' lang='lat' dir='ltr'>oculos,</span> <span class='ocrx_word' id='word_1_328' title='bbox 316 1558 338 1579; x_wconf 86' lang='lat'>7,</span> <span class='ocrx_word' id='word_1_329' title='bbox 352 1558 391 1580; x_wconf 77' lang='lat'>34.</span> <span class='ocrx_word' id='word_1_330' title='bbox 409 1551 520 1580; x_wconf 67' lang='lat' dir='ltr'>Dffrrnt</span> <span class='ocrx_word' id='word_1_331' title='bbox 536 1555 607 1571; x_wconf 82' lang='lat' dir='ltr'>autem</span> <span class='ocrx_word' id='word_1_332' title='bbox 619 1549 699 1572; x_wconf 70' lang='grc' dir='ltr'>ευηξὶι</span> <span class='ocrx_word' id='word_1_333' title='bbox 710 1548 738 1570; x_wconf 84' lang='lat' dir='ltr'>ab</span> <span class='ocrx_word' id='word_1_334' title='bbox 749 1548 862 1570; x_wconf 84' lang='lat' dir='ltr'>omnibus</span> <span class='ocrx_word' id='word_1_335' title='bbox 870 1547 916 1576; x_wconf 80' lang='lat' dir='ltr'>fic,</span> <span class='ocrx_word' id='word_1_336' title='bbox 929 1551 954 1568; x_wconf 81' lang='lat' dir='ltr'>ut</span> <span class='ocrx_word' id='word_1_337' title='bbox 965 1545 1012 1568; x_wconf 82' lang='lat' dir='ltr'>illic</span> <span class='ocrx_word' id='word_1_338' title='bbox 1024 1554 1067 1567; x_wconf 78' lang='lat' dir='ltr'>mm</span> 
     </span>
     <span class='ocr_line' id='line_1_46' title="bbox 211 1578 1067 1613; baseline -0.009 -7"><span class='ocrx_word' id='word_1_339' title='bbox 211 1593 278 1607; x_wconf 79' lang='lat' dir='ltr'>omnes</span> <span class='ocrx_word' id='word_1_340' title='bbox 290 1592 316 1605; x_wconf 72' lang='lat' dir='ltr'>ac</span> <span class='ocrx_word' id='word_1_341' title='bbox 323 1582 397 1613; x_wconf 73' lang='lat' dir='ltr'>filtrul</span> <span class='ocrx_word' id='word_1_342' title='bbox 406 1581 566 1612; x_wconf 74' lang='lat' dir='ltr'>intelligantur,</span> <span class='ocrx_word' id='word_1_343' title='bbox 579 1582 613 1603; x_wconf 77' lang='lat' dir='ltr'>bic</span> <span class='ocrx_word' id='word_1_344' title='bbox 625 1587 697 1603; x_wconf 81' lang='lat' dir='ltr'>aurem</span> <span class='ocrx_word' id='word_1_345' title='bbox 706 1579 839 1611; x_wconf 76' lang='lat' dir='ltr'>succffonis</span> <span class='ocrx_word' id='word_1_346' title='bbox 851 1578 1067 1610; x_wconf 52' lang='lat' dir='ltr'>aliqua-significati·</span> 
     </span>
     <span class='ocr_line' id='line_1_47' title="bbox 209 1615 355 1645; baseline -0.021 -6"><span class='ocrx_word' id='word_1_347' title='bbox 209 1615 355 1645; x_wconf 73' lang='lat' dir='ltr'>admixtastr.</span> 
     </span>
     <span class='ocr_line' id='line_1_48' title="bbox 242 1645 682 1675; baseline -0.009 -5"><span class='ocrx_word' id='word_1_348' title='bbox 242 1648 329 1671; x_wconf 64' lang='lat' dir='ltr'>cuneta</span> <span class='ocrx_word' id='word_1_349' title='bbox 341 1646 449 1669; x_wconf 75' lang='lat' dir='ltr'>militaris</span> <span class='ocrx_word' id='word_1_350' title='bbox 460 1645 593 1675; x_wconf 80' lang='lat' dir='ltr'>disciplina,</span> <span class='ocrx_word' id='word_1_351' title='bbox 605 1652 646 1675; x_wconf 85' lang='lat'>44,</span> <span class='ocrx_word' id='word_1_352' title='bbox 663 1652 682 1666; x_wconf 86' lang='lat'>1.</span> 
     </span>
     <span class='ocr_line' id='line_1_49' title="bbox 177 1674 1065 1708; baseline -0.009 -5"><span class='ocrx_word' id='word_1_353' title='bbox 177 1680 363 1706; x_wconf 77' lang='lat' dir='ltr'><strong>CUNEATUS,</strong></span> <span class='ocrx_word' id='word_1_354' title='bbox 374 1686 414 1708; x_wconf 76' lang='lat'>44,</span> <span class='ocrx_word' id='word_1_355' title='bbox 424 1686 446 1708; x_wconf 85' lang='lat'>4.</span> <span class='ocrx_word' id='word_1_356' title='bbox 456 1678 542 1707; x_wconf 84' lang='lat' dir='ltr'>jugum</span> <span class='ocrx_word' id='word_1_357' title='bbox 555 1677 642 1700; x_wconf 78' lang='lat' dir='ltr'>moritis</span> <span class='ocrx_word' id='word_1_358' title='bbox 653 1677 676 1698; x_wconf 93' lang='lat' dir='ltr'>in</span> <span class='ocrx_word' id='word_1_359' title='bbox 685 1676 812 1705; x_wconf 80' lang='lat' dir='ltr'>angustum</span> <span class='ocrx_word' id='word_1_360' title='bbox 820 1674 914 1696; x_wconf 85' lang='lat' dir='ltr'>dorsum</span> <span class='ocrx_word' id='word_1_361' title='bbox 925 1678 1065 1696; x_wconf 80' lang='lat' dir='ltr'>cuneatum.</span> 
     </span>
     <span class='ocr_line' id='line_1_50' title="bbox 240 1706 1031 1736; baseline -0.009 -2"><span class='ocrx_word' id='word_1_362' title='bbox 240 1713 317 1734; x_wconf 73' lang='lat' dir='ltr'>forma</span> <span class='ocrx_word' id='word_1_363' title='bbox 329 1711 451 1734; x_wconf 78' lang='lat' dir='ltr'>scuti—ad</span> <span class='ocrx_word' id='word_1_364' title='bbox 464 1712 542 1732; x_wconf 85' lang='lat' dir='ltr'>imum</span> <span class='ocrx_word' id='word_1_365' title='bbox 558 1709 690 1736; x_wconf 80' lang='lat' dir='ltr'>cuneatior,</span> <span class='ocrx_word' id='word_1_366' title='bbox 703 1707 842 1730; x_wconf 75' lang='lat' dir='ltr'>mobilitatis</span> <span class='ocrx_word' id='word_1_367' title='bbox 855 1706 942 1733; x_wconf 77' lang='lat' dir='ltr'>cauffa,</span> <span class='ocrx_word' id='word_1_368' title='bbox 956 1714 980 1736; x_wconf 89' lang='lat'>9,</span> <span class='ocrx_word' id='word_1_369' title='bbox 991 1712 1031 1734; x_wconf 87' lang='lat'>40.</span> 
     </span>
     <span class='ocr_line' id='line_1_51' title="bbox 178 1738 1067 1772; baseline -0.009 -5"><span class='ocrx_word' id='word_1_370' title='bbox 178 1744 309 1768; x_wconf 88' lang='lat' dir='ltr'>CUNEUS</span> <span class='ocrx_word' id='word_1_371' title='bbox 332 1744 350 1765; x_wconf 75' lang='lat' dir='ltr'>is</span> <span class='ocrx_word' id='word_1_372' title='bbox 373 1743 487 1770; x_wconf 74' lang='lat' dir='ltr'>hostium,</span> <span class='ocrx_word' id='word_1_373' title='bbox 511 1742 671 1772; x_wconf 75' lang='lat' dir='ltr'>qui—iecerat</span> <span class='ocrx_word' id='word_1_374' title='bbox 694 1739 781 1763; x_wconf 77' lang='lat' dir='ltr'>alacres</span> <span class='ocrx_word' id='word_1_375' title='bbox 803 1738 1067 1768; x_wconf 74' lang='lat' dir='ltr'>gaudio—nunciantes</span> 
     </span>
    </p>
   </div>
   <div class='ocr_carea' id='block_1_3' title="bbox 209 1776 457 1804">
    <p class='ocr_par' dir='ltr' id='par_1_3' title="bbox 209 1776 457 1804">
     <span class='ocr_line' id='line_1_52' title="bbox 209 1776 457 1804; baseline -0.008 -5"><span class='ocrx_word' id='word_1_376' title='bbox 209 1776 353 1804; x_wconf 79' lang='lat' dir='ltr'>discurrunt,</span> <span class='ocrx_word' id='word_1_377' title='bbox 367 1780 406 1804; x_wconf 82' lang='lat'>25,</span> <span class='ocrx_word' id='word_1_378' title='bbox 420 1781 457 1803; x_wconf 76' lang='lat'>34.</span> 
     </span>
    </p>
   </div>
   <div class='ocr_carea' id='block_1_4' title="bbox 1128 1117 1133 1708">
    <p class='ocr_par' dir='ltr' id='par_1_4' title="bbox 1128 1117 1133 1708">
     <span class='ocr_line' id='line_1_53' title="bbox 1128 1117 1133 1708; baseline 0 0"><span class='ocrx_word' id='word_1_379' title='bbox 1128 1117 1133 1708; x_wconf 95' lang='lat' dir='ltr'> </span> 
     </span>
    </p>
   </div>
  </div>
 </body>
</html>
