1151 1988
147 105 192 137 44
344 109 597 134 ,GLOSSARIUM
626 111 838 137 LIVIANUM.

217 173 265 195 quo
276 167 388 190 audacior
399 176 433 191 res
444 174 502 196 erat,
517 171 555 199 26,
568 173 607 200 38.

149 197 294 226 AUDERE,
309 206 348 228 23,
364 207 400 230 14·
412 201 539 230 capitalem
552 204 660 227 fraudem
672 204 728 228 ausi.

215 230 276 253 bene
288 232 358 254 ausus
369 239 431 255 vana
441 239 604 264 contemnere,
618 245 642 266 9,
659 243 695 264 17.

215 261 326 292 pleraque
338 271 379 293 per
391 265 440 287 vim
452 266 610 296 audebantur‚
624 275 664 297 39,
678 270 701 292 8.

216 295 348 318 audeantur
360 296 465 324 infanda,
479 305 518 326 23,
532 305 555 326 9.

151 325 285 354 AUDIRE,
301 334 322 354 1,
335 335 374 357 4¹·
392 328 488 352 interim
506 330 586 353 Servio
601 330 684 354 Tullio
697 331 780 360 jubere
791 332 909 363 populum
921 333 984 357 dieto
994 340 1037 357 au-

182 357 289 381 dientem
301 359 354 382 effe.

217 397 262 412 nec
274 390 340 420 plebs
351 391 420 414 nobis
431 392 493 415 ἀῑξὶο
505 393 604 417 audiens
614 399 685 424 atque
696 395 809 419 obediens
821 396 857 425 fit,
871 402 895 427 5,
909 404 931 426 3.

215 421 232 443 fi
245 423 336 451 praetori
346 423 409 446 disso
418 425 517 447 audiens
529 433 577 448 non
588 427 653 455 ess'et,
667 435 705 458 29,
719 435 757 451 20.

215 454 324 477 confutes
336 455 426 478 senatui
438 457 501 479 dian
511 459 643 487 audientes,
655 466 678 488 4,
691 460 730 483 26.

215 485 232 507 fi
251 493 289 508 me
302 487 412 515 audiatis,
426 497 449 519 9,
462 496 484 517 9.
493 489 627 519 smpliciter
637 491 719 514 dilium
730 492 807 521 profi
821 500 855 515 me
865 495 973 515 auam-em
982 492 1038 524 sun-

175 517 290 549 staremque
294 519 429 550 sequamini.

216 556 295 578 quum
307 552 360 574 haec
371 552 504 576 dicerentur
515 553 708 584 audirenturque,
722 564 746 585 9,
761 560 781 583 7.

217 581 301 605 litterae
313 583 440 607 consulum
453 585 542 614 ingenti
555 586 638 609 laetitia
647 592 670 609 et
682 588 707 609 in
718 588 784 611 cutia.
797 592 820 610 et
832 587 858 610 in
869 588 986 611 concione
997 594 1042 611 au-

183 613 250 641 ditae,
266 622 303 642 10,
316 621 356 645 45.

217 649 314 669 tanturn
337 647 454 671 Camillus
472 649 567 673 auditus
585 650 712 680 imperator
729 651 821 674 terroris
837 650 958 679 intulerat,
973 651 999 680 6,
1016 658 1040 674 τ.

185 676 203 700 τ’.
215 686 235 700 e.
246 678 316 708 ipsum
325 688 399 701 nomm
416 680 515 704 Camilli.
730 686 735 689 i

218 717 263 732 nec
280 711 311 733 ob
329 711 351 733 id
369 719 517 741 quemquam
534 713 636 736 fulmine
651 714 725 737 iCtum
738 714 860 744 audimus,
871 720 913 745 45,
927 722 965 744 23.
982 714 999 738 ι’.
1016 723 1041 746 q.

185 741 322 769 audivimus,
336 744 481 773 cognovimus.

218 781 295 802 quum
307 782 337 797 ex
348 776 424 798 obviis
435 776 545 804 auditum,
558 778 647 806 postero
661 778 697 800 die
708 785 808 800 omnem
820 778 1043 807 exercitum—pro-

184 804 269 832 ficisci,
281 814 329 829 non
342 813 408 830 metu
421 808 493 830 modo
505 809 712 832 omni—liberavit
724 817 772 837 eos,
786 810 823 832 sed
838 809 947 832 laetitiam
958 810 1042 838 ingen-

184 841 236 859 tem
244 838 314 867 fecit,
329 840 368 866 28,
384 840 422 862 26.
441 839 458 862 i.
474 849 492 862 ε.
505 840 623 871 auditios.
639 841 696 873 quod
707 850 734 863 cx
745 841 816 864 obviis
828 841 927 864 auditum
940 846 987 864 era!
998 846 1041 864 etc.

185 868 218 896 id,
231 877 256 891 ea
268 870 535 901 res—liberavit—fecit.

218 902 310 928 audito,
330 903 513 931 Machanidam,
531 904 596 926 fama
617 905 733 928 adventus
750 904 784 927 sui
801 905 918 932 territum,
935 903 1043 934 refugisse

186 932 396 962 Lacedaemonem,
412 936 451 962 28,
466 942 487 962 7.
502 935 624 965 (ablativus
635 936 751 967 abfhlutus)

151 964 267 992 AVEHl,
280 975 304 996 9,
318 972 355 993 27.
369 966 464 989 avefftus
484 967 554 998 (equo)
570 968 599 990 ab
612 968 668 996 suis,
680 968 790 991 nondum
802 967 979 990 conserentibus
991 974 1044 990 ma-

187 1003 233 1019 nus
246 997 275 1019 ad
289 997 421 1021 clamorem
433 999 462 1021 ab
474 998 563 1022 sinistra
572 1004 636 1030 parte
649 1000 711 1030 prius
722 1005 843 1023 exortum.

152 1028 408 1058 AVERRUNCARE,
429 1037 467 1058 10,
486 1038 525 1059 23.
546 1039 649 1061 quorum
668 1031 835 1061 (prodigiorum)
854 1030 1045 1054 averruncando·

186 1067 241 1083 rum
253 1061 331 1084 caussa
344 1062 654 1091 supplicationes—temtus
665 1063 776 1086 decrevit.

153 1090 310 1120 AVERSUS,
323 1099 363 1122 37,
378 1100 397 1122 7.
417 1094 493 1118 virum
507 1094 566 1118 ficut
577 1095 607 1117 ad
618 1100 695 1117 cetera
707 1095 837 1125 egregium,
850 1095 883 1118 ita
894 1101 908 1117 a
917 1094 1041 1122 comitate,

186 1130 240 1153 quae
254 1124 301 1147 fine
313 1125 407 1148 luxuria
418 1125 483 1153 esset,
495 1133 545 1148 non
556 1127 672 1149 aversum.
684 1126 700 1148 ἰ.
713 1136 735 1157 q.
747 1127 850 1150 alienum.

218 1163 296 1184 quum
313 1157 397 1180 avertis
414 1158 510 1181 auribus
527 1165 604 1188 pauca
620 1158 695 1182 locuti
712 1159 793 1187 effent,
812 1160 852 1188 38,
872 1165 908 1187 33.
926 1165 969 1188 pro
985 1156 1045 1188 apud

183 1187 348 1210 multitudinem
359 1189 449 1212 iratam.

219 1221 312 1242 aversus
322 1228 336 1242 a
348 1221 475 1250 proposito,
491 1229 514 1248 2,
527 1223 549 1244 8.

219 1251 245 1273 in
257 1252 361 1275 aversam
374 1253 516 1275 incursando
528 1253 611 1280 etiam,
625 1261 650 1283 3,
661 1259 700 1282 70.

218 1285 297 1306 castris
310 1284 332 1306 se
344 1285 457 1307 tenebant
470 1291 521 1308 tam
532 1286 630 1314 ancipiti
643 1284 748 1315 periculo
760 1284 842 1314 aversi,
855 1292 879 1313 2,
889 1289 931 1315 45.

219 1315 372 1339 circumveffi
385 1317 414 1338 ab
427 1317 484 1339 urbe
497 1317 526 1339 ad
537 1318 615 1340 aversa
627 1317 718 1345 insulae,
730 1323 769 1346 37,
780 1323 818 1345 27.

219 1354 260 1376 per
269 1348 347 1370 aversa
359 1348 432 1375 urbis,
447 1356 471 1378 5,
484 1357 523 1378 29.

154 1378 337 1407 AVERTERE,
352 1386 373 1407 7,
388 1381 425 1402 16.
439 1381 563 1409 primoque
575 1381 667 1410 impetu
678 1384 781 1403 avertere
791 1379 894 1403 hostem.

174 1409 178 1413 ’
219 1411 245 1433 in
257 1411 338 1440 fugam
351 1417 485 1435 averterunt
495 1412 600 1440 classem,
615 1419 655 1439 22,
669 1419 706 1441 19.

219 1443 339 1472 diffipatos
351 1444 375 1466 in
387 1444 469 1473 fugam
481 1449 625 1471 averterunt,
639 1451 677 1473 34,
694 1450 730 1473 15.

220 1475 288 1497 mille
307 1476 380 1502 acies,
397 1477 524 1504 graviores,
543 1483 617 1505 quam
635 1475 800 1498 Macedonum
816 1479 888 1504 atque
905 1474 1044 1502 Alexandri,

187 1507 281 1534 avertit,
292 1512 436 1537 avertetque,
456 1515 479 1537 9,
501 1515 536 1539 ¹9-
553 1507 690 1538 Simpliciter
706 1507 787 1529 dietum
805 1514 848 1536 pro
863 1506 930 1530 vicit.
947 1507 978 1537 ‹gf-
995 1512 1044 1536 cap.

224 1555 229 1561 .
242 1544 268 1561 nt.
283 1546 295 1562 2
315 1555 321 1566 ,
336 1546 355 1562 1.

190 1545 311 1600 39trepidi
324 1571 615 1600 magistratus—avertunt
633 1570 728 1593 animos
744 1577 758 1593 a
774 1570 812 1600 spe
830 1570 997 1600 recuperandae
1010 1576 1046 1592 ar-

188 1608 233 1629 cis,
263 1618 270 1629 ‚
284 1611 295 1626 2
316 1619 322 1626 .

222 1609 421 1658 in9cor4nitiorum
438 1634 634 1664 disceptationem
651 1634 681 1656 ab
698 1633 749 1664 Iege
766 1639 887 1656 certamen
904 1638 1045 1660 averterant,

190 1673 268 1720 3'ne-:¹⁵0
286 1697 338 1725 jam
356 1697 497 1728 possidendis
515 1697 616 1727 publicis
633 1697 693 1727 agris
711 1702 836 1720 contentos
847 1696 902 1726 effe,
915 1695 958 1720 nifi
971 1702 1045 1727 pecu·

188 1729 256 1752 niam
269 1737 365 1759 quoque
378 1730 500 1759 publicam
513 1735 628 1757 avertam,
641 1732 664 1758 6,
681 1737 716 1759 14·

222 1767 299 1792 quum
309 1767 410 1786 avertere
423 1769 476 1786 eam
488 1762 594 1793 praedam
607 1761 685 1791 vellet,
700 1768 722 1790 1,
738 1767 759 1790 γ.
