1151 1988
263 127 510 151 GLossmuuM
543 124 752 147 ωνιΑΝυΜ.
894 120 953 153 199

127 193 178 215 haec
191 190 294 219 taliaque
306 188 472 215 vociferantes,
487 194 510 217 5,
526 186 635 209 :.—liaec
647 183 742 213 aliaque
754 182 866 209 dicendo,
879 189 919 212 ²9»
932 187 953 203 1.

95 225 144 247 vid.
160 224 211 246 lust.
225 222 255 244 ml
266 221 327 243 illum
340 221 415 242 lorum,

127 262 206 278 arcem
219 255 248 276 ab
260 254 298 276 his
315 253 396 276 iisdem
410 251 505 275 Sabinis
516 257 573 273 auro
585 253 681 279 captam
695 246 822 277 recepistis,
835 253 859 275 3.
876 251 913 273 17.

124 288 177 310 haec
200 286 306 313 licentia,
326 291 365 315 25,
383 292 423 313 40.
447 291 488 313 pro
511 282 571 312 hujus
594 281 693 311 temporis
717 279 814 302 licentia.
837 278 876 301 Sic
893 279 917 304 6,
930 284 954 306 4.

95 327 154 349 opus
168 319 202 341 vel
218 320 240 340 in
254 319 299 341 hac
312 316 493 347 magnificentia
509 315 573 337 urbis
589 313 796 343 conspiciendum.
823 310 880 333 Vide
899 309 958 333 Gro-

95 352 183 374 novium
196 351 226 372 mi
238 350 300 372 illum
314 350 389 372 locum.

126 385 173 406 hoc
194 383 252 405 illud
273 382 318 404 esse
337 381 481 407 dietitantes‚
500 379 564 409 quod
583 383 628 401 etc.
648 383 671 408 ς,
694 384 715 400 2.
738 376 778 400 Sic
799 374 885 405 Virgil.
901 374 956 397 AEn.

95 423 120 445 4,
135 417 189 445 675.
210 416 255 437 Hoc
266 414 332 441 illud,
341 412 515 443 grmmna,fui!
526 411 538 432 ἔ)

128 448 168 470 hic
182 449 199 470 is
216 448 258 475 est,
271 447 313 476 qui
332 446 391 468 nihil
410 443 591 467 memorabilius
608 448 659 465 toto
676 447 782 471 ternpore
800 440 958 463 hibernorum

115 479 199 505 ess'erit,
215 481 251 503 -6.
267 486 275 501 ι
298 495 304 501 .

99 487 114 510 g
130 519 174 534 nec
187 495 244 534 cu³m
262 485 300 533 hi75
317 510 424 540 primum
444 508 606 533 Etruscorum,
619 506 657 528 sed
676 505 754 528 multo
771 510 827 527 ante
844 511 903 527 cum
920 503 959 531 iis,

96 546 137 573 qui
161 545 222 566 inter
244 543 403 572 Apenninum
430 540 550 571 Alpesque
582 538 729 565 incolebant,
752 537 812 568 saepe
840 537 961 560 exercitus

95 576 182 599 Gallici
195 581 341 604 pugnavere,
357 580 379 603 5,
393 580 432 602 33.

129 614 151 630 et
165 607 317 630 mittentibus
332 611 355 628 et
373 604 445 628 miffis
457 611 485 627 ea
501 603 557 626 laeta
574 602 694 633 expeditio
709 601 768 624 suit:
787 607 846 623 nam
863 604 886 622 et
903 598 961 627 illis,

95 640 162 669 quod
177 639 229 668 jam
241 640 282 662 diu
302 638 442 668 cupiebant,
456 636 560 659 novandi
581 642 616 658 res
636 634 730 658 occasio
746 634 802 656 data
819 633 869 661 est;
895 637 918 654 et
938 631 962 654 Ιιι·

97 673 215 694 sentinam
233 671 366 701 quamdam
384 669 449 693 urbis
466 668 509 691 rati
526 668 679 695 exhaustam,
697 666 850 693 laetabantur,
866 672 905 694 24,
922 672 962 695 29·

98 704 209 734 manifeste
219 705 243 726 hi
255 703 349 726 relatum
359 702 390 724 ad
399 701 509 724 remotius.
522 700 551 732 ef.
567 707 606 729 30,
621 707 660 729 30.

128 737 273 766 quandoque
285 736 339 759 hice
350 735 463 758 homines
475 732 561 762 injussu
574 732 657 763 populi
671 732 742 755 Rom.
755 735 801 754 etc.
816 739 840 761 9,
856 737 893 753 10.
911 728 962 752 vid.

101 768 215 791 Drakenb.
229 768 260 790 ad
271 768 291 791 Ιι.
306 767 322 791 Ι.

132 801 234 824 hoccine
247 799 389 830 patiendum
402 798 479 826 fuiffe,
493 798 517 826 6,
533 803 570 826 17.
589 797 620 827 cf.
633 798 657 824 8,
671 802 694 827 5.

132 834 228 856 hiccine
246 833 316 856 fuerit
334 831 460 859 Ascanius,
486 837 507 859 1,
526 837 549 859 3.
575 829 602 852 it.
623 830 724 857 hiscine,
747 833 769 856 7,
791 827 963 858 30.—huicne,

102 865 141 894 38,
188 882 194 888 .

69 897 126 920 me
144 873 292 927 (ffpitolium
313 897 356 924 est,
376 895 413 918 ubi
432 894 566 925 quondam,
579 894 658 924 capite
677 894 788 916 humano
807 893 916 920 invento,
930 898 966 914 re-

101 929 214 959 sponsum
226 930 266 955 est,
279 938 301 952 eo
313 929 356 951 Ioco
368 933 440 958 caput
453 934 532 950 rerum
545 927 604 955 fore,
617 934 640 956 5,
652 933 690 956 54.

134 962 174 984 ubi
187 963 227 984 hic
240 962 332 984 cutiam
345 960 553 988 circumsederitis,
567 966 591 987 3,
605 960 644 982 68.

133 994 174 1017 hic
187 994 320 1017 Postumius
333 992 447 1016 accensus
460 992 503 1019 ira,
516 998 555 1020 39,
571 998 608 1020 ¹3-
626 998 670 1021 pro
681 996 737 1017 mm,
751 996 810 1012 tune.

133 1027 191 1049 hinc
210 1026 263 1054 jam
286 1033 346 1053 non,
366 1025 431 1055 quod
453 1024 543 1046 fastum
563 1025 604 1050 est,
625 1023 762 1045 defensurus
779 1022 842 1049 sum,
863 1028 904 1051 45,
928 1027 966 1049 23.

101 1058 162 1081 haud
176 1058 240 1081 dubie
257 1067 304 1081 cum
323 1056 498 1080 Drakenborchio
515 1055 629 1086 legendum
647 1057 686 1078 hic
701 1055 771 1084 jam:
791 1061 832 1085 pro
849 1062 915 1081 nunc,
928 1053 965 1075 hec

102 1095 202 1120 tempore.
215 1091 265 1113 vid.
279 1091 346 1113 hinc.

71 1122 234 1152 fflRMARE,
249 1128 273 1153 5,
292 1131 314 1146 z.
337 1121 515 1151 consiliumque
531 1125 590 1149 erat,
608 1120 741 1143 hiemando
758 1119 900 1142 continuare
916 1117 968 1141 bel·

105 1155 166 1178 lum.

71 1186 188 1215 HIEMS,
202 1194 224 1217 5,
239 1195 261 1210 2.
279 1194 310 1210 ne
320 1187 396 1210 hiemi
409 1186 509 1216 quidem
521 1190 563 1208 aut
581 1185 683 1215 tempori
696 1184 753 1207 anni
766 1183 856 1206 cedere.
875 1182 906 1214 cf.
919 1187 968 1212 cap.

107 1227 144 1243 10.
161 1225 183 1241 e!
197 1220 329 1248 13.‚liiems
341 1218 419 1248 gelida
429 1223 453 1240 et
465 1218 554 1240 nivosa.
575 1217 635 1240 Vide
650 1217 731 1247 Cupen'
745 1216 795 1248 Obs.
809 1224 832 1244 2,
847 1223 885 1238 10.

73 1251 156 1274 HINC
171 1251 224 1280 jain
242 1259 301 1279 non,
320 1251 385 1281 quod
401 1250 493 1273 saCtum
510 1251 553 1277 est,
572 1250 709 1272 defensurus
727 1249 789 1275 sum,
807 1255 848 1278 45,
864 1254 902 1276 23.
925 1246 971 1270 Sed

106 1283 296 1306 Drakenborvht'us
308 1283 351 1313 lege*
363 1282 415 1305 vul!
423 1291 430 1304 .·
449 1283 490 1305 hie
499 1282 563 1310 hm,
576 1280 757 1313 quaeparricula,
771 1280 796 1302 dt
808 1285 901 1310 tempore
908 1284 972 1309 prae—

100 1315 160 1345 senti
170 1315 205 1337 dic
212 1321 266 1343 rtur,
280 1315 313 1337 uti
325 1316 365 1338 hic
378 1321 432 1337 tum
444 1314 470 1336 de
478 1314 597 1344 praeterilo
606 1323 614 1336 .-
631 1314 684 1336 vide
696 1312 766 1336 eumd.
778 1312 809 1334 ad
820 1319 843 1341 3,
859 1314 897 1335 28.

74 1347 223 1374 HISCERE,
236 1356 260 1378 9,
273 1355 296 1377 4.
315 1354 358 1370 nec
371 1346 478 1369 consules
491 1351 533 1369 aut
544 1353 586 1376 pro
598 1346 685 1369 foedere
699 1351 748 1368 tam
767 1345 841 1374 turpi,
855 1349 896 1367 aut
913 1351 972 1367 con-

107 1385 141 1402 tra
153 1381 229 1402 foeduz
243 1386 292 1402 tam
311 1379 467 1402 necessarium
485 1379 573 1401 hiscere
591 1379 692 1408 possent.
705 1378 735 1409 cf.
753 1382 803 1408 cap.
817 1378 839 1400 6.
863 1384 913 1399 non
926 1376 974 1399 his-

107 1419 159 1434 cere
171 1419 321 1442 quemquam
333 1419 380 1442 prae
394 1417 460 1434 metu
474 1411 581 1441 potuisse.

139 1452 184 1467 nec
205 1445 314 1467 adversus
336 1443 486 1466 dietatoriam
508 1443 558 1465 vim
582 1448 624 1465 aut
644 1442 733 1465 tribuni
754 1441 838 1472 plebis,
858 1446 900 1464 aut
924 1441 974 1471 ipsa

110 1476 187 1506 plebs,
200 1477 306 1499 attollere
318 1477 401 1498 oculos
413 1482 455 1498 aut
467 1475 554 1498 hiscere
567 1474 697 1502 audebant,
710 1476 734 1502 6,
750 1476 786 1497 16.

143 1509 232 1531 hiscere
243 1516 301 1531 eum
315 1508 430 1537 nequisse,
447 1515 486 1535 10,
501 1515 538 1537 ¹9·
556 1507 571 1530 i.
585 1516 603 1530 e.
616 1513 700 1529 murum
712 1512 733 1529 et
745 1505 899 1536 elinguemfm'
918 1515 936 1529 e.

80 1540 235 1564 HISPANIA
249 1547 319 1568 terra,
334 1542 373 1570 38,
388 1541 426 1569 58-
451 1547 528 1569 quum
547 1547 587 1569 per
604 1539 696 1568 aliquot
714 1546 790 1562 annos
809 1539 832 1561 in
851 1544 912 1561 terra
930 1538 976 1560 Hi-

109 1573 200 1602 spania,
220 1573 330 1596 adversus
354 1572 444 1595 multos
465 1573 595 1594 Poenorum
621 1571 835 1601 Hispanorumque
857 1575 881 1593 et
903 1571 977 1593 duces

109 1611 132 1627 et
149 1605 270 1628 exercitus
283 1605 390 1627 nominis
407 1605 510 1627 Romani
530 1604 624 1626 sarnam
642 1604 774 1627 auxissent:
792 1611 848 1625 more
862 1606 976 1632 pomarum

111 1637 193 1660 diflum
203 1646 210 1659 .·
228 1637 278 1660 vid.
292 1637 352 1668 irgfra
365 1637 388 1658 r'n
399 1645 425 1659 v.
438 1642 506 1659 terra.

81 1669 225 1696 HlS'l‘RlO,
239 1676 262 1697 7,
286 1677 305 1691 z.
332 1669 465 1691 vernaculis
483 1668 624 1695 artificibus,
642 1668 698 1697 quia
717 1668 787 1690 hister
804 1667 884 1690 Tusco
905 1667 978 1690 verbo

114 1701 180 1723 ludio
192 1702 332 1727 vocabatur,
345 1708 435 1724 nomen
448 1701 602 1723 histrionibus
614 1701 727 1723 inditum.

83 1733 188 1755 HODlE
207 1733 359 1761 QUOQUE,
376 1741 396 1761 t,
416 1734 454 1757 26.
476 1729 519 1763 iig'fi
533 1732 646 1762 legendum
664 1732 791 1762 hodieque.
808 1731 858 1754 viil.
877 1731 932 1754 Intt.
948 1731 980 1754 ad

119 1771 144 1794 59
160 1771 197 1791 ζ7·

86 1796 197 1824 HOMO,
213 1803 235 1823 t,
253 1805 291 1826 32.
313 1797 502 1827 hominibusque
520 1797 602 1826 priscis
620 1797 709 1819 Latinis
726 1802 772 1819 etc.
796 1796 846 1819 Non
862 1795 981 1827 merefor-
