1151 1988
186 84 245 125 196
381 91 630 112 GLOSSARIUM
658 90 869 113 LIVIANUM.

213 184 230 206 h
246 150 331 205 {odem
344 157 408 172 anno
420 150 511 172 familia
523 150 563 172 ista
575 149 737 177 consulatum,
748 157 795 179 quo
807 150 862 172 urbs
874 150 926 172 haec
935 149 1069 176 consulem,

232 190 244 206 a
264 188 307 210 uit,
321 188 345 210 7,
358 190 395 211 32.

246 215 319 238 habet
332 221 429 244 poenam
443 215 546 236 noxium
559 218 641 243 caput,
658 220 694 241 ιο,
708 220 747 243 40.

246 248 290 270 has
302 247 345 269 dea
356 253 439 276 poenas
451 253 463 268 a
476 245 560 275 templi
572 246 607 268 sui
619 245 784 274 spoliatoribus
794 245 877 273 habet,
892 253 930 274 29,
946 247 982 268 18.

242 280 311 302 ferias
322 286 350 301 ac
363 278 559 307 supplicationem
573 277 668 305 habere,
680 284 722 307 41,
737 284 775 300 zi.
1009 277 1014 282 ”
1060 277 1065 295 ¹.

246 311 469 337 comitia—habita,
483 312 507 337 6,
519 318 542 339 4.
560 309 591 340 ff.
609 317 651 339 41,
665 311 703 332 28.
725 309 751 332 it.
769 317 810 339 43,
824 310 846 333 8.
871 309 911 332 Sic
929 315 949 331 tt
969 316 1009 338 42,
1029 310 1066 338 38.

212 343 316 367 concilio
328 343 419 365 habito,

246 376 362 404 majorem
376 374 478 396 habebat
490 373 657 395 difficultatem
669 373 693 395 in
706 373 838 402 subigendis
850 373 965 400 hostibus,
979 380 1018 402 34,
1034 374 1070 395 18.

245 407 357 430 eamdem
373 404 501 436 (ferociam)
516 406 545 428 ad
558 413 606 427 non
619 405 751 434 parendum
765 405 854 427 senatui
865 405 958 433 habuit,
971 413 1012 435 42,
1025 414 1048 435 9.
1116 404 1119 406 ’

246 441 297 469 post
310 439 433 469 publicam
445 437 549 460 caussam
563 438 653 467 privato
665 437 744 459 dolore
757 437 848 464 habito,
862 445 885 464 2,
901 439 939 467 56.

245 471 343 494 nullum
361 470 527 493 misericordiae
547 469 629 492 locum
651 469 796 497 habuerunt,
816 477 857 500 29,
880 476 918 492 22.
937 469 952 492 ι’.
965 478 988 500 q.
1007 468 1070 491 inve-

210 508 297 527 nerunt.

243 543 286 566 pro
299 535 364 558 haud
376 535 448 557 dubio
460 534 580 560 habitum,
594 534 617 561 8,
630 534 669 563 36.

245 568 356 591 animum
369 566 410 596 ipsi
423 566 520 591 habent,
533 573 574 594 40,
589 573 610 595 5.
630 566 683 588 Vid.
694 565 768 589 obses.

246 600 322 629 magis
334 604 356 621 et
368 599 451 621 litterae
462 603 485 620 et
495 598 566 620 verba
575 597 708 626 legatorum
719 598 821 627 benigne
831 598 884 620 sunt
896 597 986 624 audita,
995 603 1070 626 quam

212 636 368 656 momentum
380 631 409 653 ad
422 630 551 653 mutandos
562 631 656 652 animos
668 630 812 657 habuerunt,
824 637 865 658 42,
877 630 917 658 46.

246 664 332 687 Rhodii
346 663 447 685 maximi
460 663 489 684 ad
501 662 583 684 onmia
596 662 713 684 momenti
726 662 885 689 habebantur,
898 669 939 690 42,
950 668 990 691 45.

245 697 296 719 vias
308 695 436 718 latrociniis
448 694 581 724 pascuaque
594 694 675 716 infesta
686 694 829 721 habuerant,
843 701 882 722 39,
898 701 936 723 29.
956 693 970 715 i.
984 702 1006 724 q.
1020 693 1072 723 ff*-

214 734 296 751 cerunt.

248 759 339 789 templa
351 758 469 788 aequalem
483 758 577 780 turbam
589 757 702 783 habuere,
717 762 756 784 27,
771 763 809 786 51.
826 757 849 778 in
860 756 1017 786 gratulatione.

248 797 316 815 extra
327 792 431 821 praedam
444 796 546 819 quatuor
558 789 634 812 millia
645 789 779 811 deditorum
791 789 882 816 habita,
896 794 919 816 7,
933 794 971 816 27.

247 825 381 854 plurimum
394 823 423 845 ad
436 822 547 845 effefimm
558 822 606 851 spei
623 822 648 844 iri
665 820 765 843 celando
783 822 879 851 incepto
901 821 985 843 habuit
1004 819 1073 842 Han-

218 857 292 884 nibal,
307 863 346 883 21,
360 861 398 885 57.
416 855 433 877 ι’.
445 854 548 885 &fufium

248 895 314 918 pater
325 895 382 911 eum
394 892 517 916 expertem
530 885 633 908 habebat
644 886 756 907 omnium
767 885 796 907 de
809 885 878 907 rebus
890 884 1006 907 Romanis
1017 891 1075 906 con-

217 921 333 948 siliorum,
346 927 387 950 40,
401 926 423 949 5.
443 925 485 949 pro
496 917 536 949 ‘ffi'
546 917 643 944 volebat,
655 917 696 939 -vel
696 917 808 947 faciebat.

249 953 356 982 aliquem
373 956 473 981 captum
490 958 539 973 non
556 955 622 972 extra
638 949 736 972 vincula
752 949 846 974 habere,
861 956 884 976 2,
896 950 952 978 40³⁶.
970 948 986 970 i.
999 957 1017 970 e.
1035 955 1075 969 non

218 985 329 1007 dimiime
339 993 350 1006 e
361 983 465 1006 vinculis.

252 1017 341 1039 habent
353 1015 435 1038 auxilii
448 1014 509 1037 nihil
522 1014 615 1036 sacratae
626 1013 698 1042 lech,
712 1020 735 1039 2,
749 1019 786 1042 54.
806 1012 821 1035 ι’,
833 1021 855 1044 q.
868 1012 930 1040 dam,
942 1013 1047 1042 ifflrunt.

252 1049 324 1072 habet
334 1049 410 1071 veniat·
424 1047 483 1069 nihil
496 1046 544 1073 lex,
556 1045 616 1068 nihil
629 1045 771 1073 laxamenti,
785 1052 808 1071 2,
823 1052 845 1073 3.
864 1044 880 1068 ι’,
892 1053 911 1067 e.
921 1044 980 1066 nihil
988 1044 1026 1065 dat
1034 1052 1075 1065 ve-

218 1082 263 1104 nr'ae
274 1086 315 1104 erc.

252 1113 326 1136 habet
339 1113 398 1142 (pars
410 1110 494 1138 montis)
509 1111 561 1136 iter.
575 1110 614 1138 38,
630 1116 666 1131 22.
685 1108 702 1130 ι’.
714 1117 733 1130 e.
744 1108 803 1129 adiri
812 1108 888 1138 potest.

251 1146 351 1174 antiqua
367 1143 491 1173 disciplina
507 1142 595 1165 milites
610 1141 735 1167 habuerat,
752 1147 792 1169 45,
807 1147 845 1170 35.
868 1140 889 1162 Ιι.
910 1148 928 1162 e.
949 1140 1078 1166 co'c'rcuemt,

220 1178 363 1200 continuerat.
1142 1183 1151 1254 ξ

1141 1115 1151 1172 τν»<
1145 1102 1148 1107 -

256 1212 280 1233 in
293 1210 364 1232 armis
377 1215 416 1230 eos
427 1206 517 1229 adcolae
529 1205 591 1228 Galli
605 1204 734 1231 habebant,
752 1211 789 1231 ιο,
802 1211 823 1227 2.

255 1242 272 1264 fi
285 1241 326 1264 viri
339 1247 405 1263 arma
416 1240 456 1262 illa
466 1238 612 1265 habuissent,
623 1243 677 1266 quae
690 1237 714 1258 in
727 1242 798 1266 portis
809 1237 873 1259 fuere
885 1236 977 1262 nostris,
991 1243 1015 1264 3,
1028 1236 1067 1263 67.

254 1280 331 1303 pauca
342 1272 413 1295 verba
424 1271 515 1297 habita,
531 1277 568 1297 10,
581 1277 620 1299 24.

254 1304 436 1335 legati-rejeffi
455 1304 484 1325 ad
503 1302 619 1332 populum
636 1302 825 1331 haudquaquam
842 1304 892 1322 tam
910 1299 1019 1322 efficaces
1036 1299 1079 1321 ha-

223 1339 311 1361 bebant
324 1344 413 1367 preces,
428 1344 450 1365 9,
464 1342 501 1358 20.

254 1378 285 1392 ex
296 1375 358 1392 vano
370 1368 466 1394 habere,
479 1372 518 1393 27,
533 1366 571 1389 26.
591 1365 641 1388 Vm'.
655 1366 757 1388 haurire.
1144 1356 1151 1403 Ι

257 1408 342 1432 pacem
354 1400 394 1422 sibi
407 1399 502 1425 habeat,
516 1405 539 1426 9,
554 1405 561 1419 i
570 1405 589 1420 r.
1140 1406 1142 1425 3

255 1434 346 1463 equites
359 1432 579 1461 impedimentaque
591 1437 639 1459 prae
651 1429 672 1452 se
683 1429 785 1455 habens,
797 1435 838 1457 44,
848 1435 872 1456 4.
1140 1427 1151 1459 ἐξ

1141 1479 1143 1494 ι

257 1471 357 1495 utraque
379 1464 460 1486 caussa
481 1462 589 1485 tribunos
613 1461 696 1492 plebis,
715 1466 814 1490 utraque
836 1458 944 1482 consules
965 1458 1077 1486 habebat,

226 1506 266 1528 39,
279 1499 316 1527 38.
334 1497 356 1518 h.
370 1496 496 1526 e.fizutores
507 1494 607 1521 habebar,
619 1493 659 1516 vel
668 1493 783 1523 aiijutores.

257 1530 341 1553 omnia
361 1529 483 1551 fortunam
505 1526 642 1548 habituram
662 1525 724 1556 (scil.
743 1524 766 1546 in
781 1523 893 1554 potgstate)
917 1529 1078 1552 quaecumque

225 1562 346 1585 temeritas
357 1559 454 1588 collegae
466 1557 592 1585 habuisset,
606 1565 646 1585 22,
660 1563 699 1585 27.

194 1594 331 1621 HABILIS,
346 1599 384 1621 24,
396 1592 436 1621 48.
454 1591 538 1613 rudem
551 1590 580 1612 ad
596 1590 708 1619 pedestria
723 1587 787 1611 bella
802 1587 965 1610 Numidarum
982 1591 1079 1615 gentem

225 1627 281 1653 ess‘e,
292 1625 360 1654 equis
371 1630 467 1647 tantum
478 1622 594 1645 habilem.

259 1658 366 1687 Hispano
378 1656 481 1685 cingitur
492 1654 579 1684 gladio,
592 1653 620 1676 ad
635 1653 767 1682 propiorem
780 1651 853 1674 habili
872 1657 989 1680 pugnam,
1004 1656 1027 1677 7,
1042 1656 1078 1672 ιο.

257 1690 372 1712 brevitate
383 1687 473 1710 habiles
484 1686 565 1716 gladii,
580 1693 618 1712 22,
631 1686 671 1714 46.
1042 1680 1051 1694 l

259 1727 385 1750 nunquam
398 1719 521 1749 ingenium
536 1718 599 1740 idem
616 1718 645 1740 ad
663 1724 697 1739 res
714 1715 885 1744 diversiffimas,
897 1714 1028 1745 parendum
1045 1718 1080 1736 at·

226 1762 273 1786 que
284 1752 461 1783 imperandum,
473 1750 587 1779 habilius,
602 1757 640 1777 21,
651 1757 675 1779 4.
