1151 1988
268 135 521 159 GLOSSARIUM
549 134 764 156 nvatwivn
895 127 955 166 125

63 196 316 224 DETRACTATOR,
329 195 378 218 vid.
389 193 537 217 detrefflator.

64 229 274 257 DETRAHERE,
288 236 328 257 22,
344 235 380 257 ¹3·
394 228 467 251 irritat
483 227 558 256 etiam
575 225 604 249 de
622 225 735 249 industria
753 224 852 253 ducem,
865 223 881 247 fi
898 224 959 248 forte

96 263 226 286 accensum
244 266 279 284 tot
296 259 478 290 indignitatibus
490 258 645 288 cladibusque
658 258 777 281 sociorum
789 257 913 280 detrahere
926 257 957 280 ad

95 301 195 324 azquum
212 299 335 317 certarnen
352 292 429 323 poffit.
441 292 457 315 ι’.
469 300 488 315 e.
500 291 532 314 ad
541 290 647 322 proelium
663 290 687 313 in
699 289 798 320 planicie
814 289 906 312 locorum
924 289 960 312 in-

70 347 73 349 .
94 327 188 350 eundum
199 335 280 357 cogere.
954 325 958 328 ”

128 359 294 382 Hannibalem
306 365 336 380 ex
349 357 418 380 ltalia
429 355 602 383 deuasturum,
615 362 656 384 29,
669 361 708 378 20.
720 354 750 385 cf.
765 361 805 384 30,
819 361 858 378 20.

129 399 212 421 regum
228 391 378 419 majestatem
395 389 517 412 difficilius
533 388 564 411 ab
580 388 678 411 summo
693 388 785 417 fastigio
801 387 831 410 ad
848 386 960 410 medium

97 424 200 451 detrahi,
212 429 259 446 etc.
272 428 311 453 37,
324 429 363 452 45.

129 456 208 479 frenos
219 460 246 478 ut
257 455 384 478 detrahant
395 454 462 484 equis
473 454 585 483 imperat,
597 460 623 482 4,
636 458 675 482 33.
961 454 964 455 ’

65 487 294 515 DETRECTARE,
312 488 352 516 38,
370 493 410 516 49.
436 493 480 508 nec
503 485 639 515 quidquam
661 484 727 507 aliud
749 484 802 511 scit,
824 489 900 513 quam
919 482 961 506 de-

96 520 194 544 treetare
210 521 319 547 virtutes,
337 525 489 547 corrumpere
505 518 609 540 honores
632 523 659 539 ae
676 517 778 546 praernia
796 523 890 539 earum.
907 514 924 538 ἱ.
941 523 962 540 e.

96 553 201 581 deterere,
222 552 290 584 deque
307 552 334 574 iis
350 550 471 574 detrahere.
494 550 549 573 Vide
566 550 597 572 B.
617 549 727 572 Palmum
743 548 774 571 ad
793 548 842 573 Cic.
860 546 973 578 Philipp„

100 592 139 612 10,
152 592 174 614 3.

130 617 241 640 Eumene
258 616 362 640 summae
377 615 409 638 rei
426 614 555 638 discrimen
571 612 637 638 haud
657 613 731 636 dubie
746 612 902 640 detreetante,
921 618 964 642 37,

100 650 138 672 18.

64 681 317 708 DETRECTATOR,
327 687 368 710 34,
380 686 418 711 15.
427 679 488 702 Cato
501 678 557 709 ipse,
568 678 634 701 haud
642 678 696 701 sane
705 676 848 701 detractator
858 676 962 700 laudum

99 714 204 741 suarum,
217 719 264 736 etc.
277 713 429 744 (dameam.
442 709 567 739 Drakenb.)
926 720 928 722 ·

64 746 277 773 DETRUDERE,
291 753 315 774 2,
329 752 365 768 ιο.
374 745 427 773 jam
439 745 534 773 impetu
545 742 697 766 conabantur
706 742 831 765 detrudere
841 742 932 765 virum.

65 778 293 802 DETRUNCATA
305 784 403 807 corpora
415 776 519 799 brachiis
529 774 635 803 abscisis,
647 782 688 805 31,
703 782 743 805 34.

131 809 384 839 arboribus—dejeffis
395 808 598 838 detruncatisque,
611 814 651 835 21,
664 813 702 836 37.

66 843 276 870 DETURBARE,
290 850 327 870 ιο,
336 850 376 871 4¹·
389 841 564 871 deturbatisque
573 839 733 867 Samnitibus,
742 839 784 869 qui
794 838 858 862 eirca
867 843 962 869 portam

98 880 176 902 erant,
189 882 272 897 muros
286 880 443 903 occupavere.

131 907 260 930 deturbant
272 907 376 929 nitentes
387 913 428 935 per
439 905 514 928 ardua
525 905 613 932 hostes,
627 909 667 934 25,
682 911 690 927 1
697 910 719 932 3.
732 903 763 934 gf.
776 909 800 934 5,
811 909 853 932 47.

66 938 272 967 DEVASTARE,
283 946 326 966 22,
339 947 363 969 9.
376 938 467 961 Marsos
485 937 540 960 inde
558 936 755 966 Marrucinosque
767 941 791 958 et
802 935 912 965 Pelignos
923 935 965 959 de-

98 972 182 994 vastat.

65 1003 255 1030 DEVEHERE,
268 1008 292 1033 5,
305 1008 344 1033 54.
355 1009 404 1031 quo
415 1009 446 1025 ex
458 1001 637 1025 mediterraneis
648 1000 708 1023 locis
717 1000 796 1030 {iuges
807 998 966 1024 devehantur.

100 1036 132 1066 ff.
142 1044 168 1065 4,
183 1042 221 1065 52.
233 1036 260 1058 ir.
271 1042 313 1064 43,
325 1036 348 1058 6.
360 1040 382 1057 e!
393 1042 435 1064 45,
448 1041 486 1063 29-

66 1067 246 1095 DEVENIRE,
259 1076 284 1098 9,
297 1074 336 1097 3¹·
348 1068 370 1089 fe
383 1067 477 1089 nullam
490 1066 557 1089 suam
567 1065 670 1095 gloriam
687 1065 927 1094 inde—quaerentem
939 1065 965 1088 in

70 1118 73 1123 .
100 1107 158 1123 eum
171 1100 253 1123 locum
265 1099 392 1123 devenifl‘e.
405 1099 421 1122 ἱ.
433 1108 452 1122 e.
465 1099 488 1121 in
500 1098 568 1121 locum
579 1097 676 1129 undique
687 1098 792 1120 montibus
804 1096 909 1128 claufiam.

67 1132 318 1159 DEVERsomUM,
337 1139 377 1159 21,
391 1132 430 1161 ⁶3·
450 1132 527 1160 magis
544 1137 586 1160 pro
603 1130 726 1158 majestate
743 1129 853 1152 videlicet
871 1128 965 1158 imperii

100 1165 216 1192 Arimini,
228 1172 303 1194 quam
317 1164 409 1189 Romae,
422 1164 589 1193 magistratum
606 1163 735 1189 initurum,
748 1167 772 1184 et
789 1162 814 1184 in
831 1161 965 1185 deversorio

101 1197 222 1227 hospitali,
234 1204 309 1226 quam
321 1197 385 1227 apud
397 1202 494 1226 penates
505 1195 558 1218 suos
570 1199 712 1224 praetextam
725 1194 871 1217 sumturum.

67 1228 273 1256 DEVERTERE,
284 1236 324 1259 44.
336 1236 376 1258 43.
390 1228 459 1251 fimul
478 1229 502 1251 iu
521 1227 604 1250 silvam
619 1232 720 1250 ventum
731 1227 774 1253 est,
786 1226 827 1249 ubi
840 1226 918 1256 plures
929 1225 966 1248 di-

100 1261 172 1284 versae
185 1261 274 1284 semitae
285 1266 444 1284 erant—cum
462 1260 586 1291 perpaucis
603 1260 712 1282 maxime
728 1259 783 1282 fidis
799 1259 838 1281 via
855 1258 965 1282 devertit.

102 1293 292 1316 Drakenborchius
303 1293 364 1316 dedit
374 1293 468 1316 divertit
478 1301 486 1322 3
504 1292 560 1315 male
568 1300 576 1314 .·
594 1291 644 1315 vid.
661 1291 730 1315 clav.
745 1290 817 1314 Cicer.
829 1291 852 1313 in
865 1291 887 1314 h.
899 1299 925 1314 v.
937 1290 971 1314 it.‘

103 1325 188 1348 Duker.
200 1326 230 1348 ad
240 1331 281 1355 45,
298 1333 333 1349 ιο.

68 1358 342 1383 DEVERTICULUM,
363 1366 388 1388 9,
415 1364 450 1386 17.
473 1357 535 1380 nihii
558 1357 640 1380 minus
663 1355 791 1386 quaesitum
814 1362 828 1378 a
847 1355 967 1385 principio

101 1390 174 1419 hujus
186 1392 262 1420 operis
275 1390 347 1413 videri
360 1391 443 1420 potest,
456 1397 528 1419 quam
546 1394 574 1412 ut
588 1388 643 1419 plus
657 1388 720 1417 justo
738 1388 767 1411 ab
785 1395 865 1411 rerum
882 1388 966 1411 ordine

101 1422 266 1451 declinarem3
291 1422 490 1452 varietatibusque
507 1421 674 1451 distinguendo
691 1428 771 1451 opere,
789 1425 813 1443 et
830 1420 967 1450 legentibus

102 1455 169 1478 velut
181 1455 326 1477 deverticula
338 1462 444 1482 amoena,
455 1460 477 1477 et
490 1455 597 1484 requiem
609 1454 693 1476 animo
705 1460 760 1476 meo
772 1460 913 1482 quaererem.

18 1507 24 1509 .
71 1487 269 1515 DEVlNCERE,
291 1495 312 1515 1,
332 1489 370 1510 28.
394 1487 485 1510 Mettus
507 1486 580 1510 Tullo
597 1486 702 1509 devietos
725 1486 803 1508 hostes
825 1471 972 1515 gratulaturss

73 1529 80 1540 ¹
103 1520 134 1550 ff-
147 1521 171 1547 8,
187 1527 225 1548 31·

136 1559 210 1581 quem
231 1551 444 1582 (Darium—nihii
464 1551 540 1579 aliud,
561 1557 635 1581 quarn
656 1550 718 1574 bene
737 1550 807 1573 ausus
824 1557 886 1573 vana
908 1556 970 1572 con—

105 1589 222 1612 temnere,
234 1585 373 1607 incruentus
384 1584 482 1611 devicit,
495 1592 520 1614 9,
535 1590 570 1611 17.
582 1583 613 1613 cf.
626 1587 673 1612 παρ.
687 1590 728 1612 40.

73 1616 204 1644 DEVIUS,
216 1625 240 1646 4.
256 1616 309 1646 ις’,
322 1624 374 1647 pars
387 1616 515 1646 (copiarum)
529 1616 599 1638 devio
610 1615 670 1638 saltu
683 1614 848 1638 circumducta
858 1613 889 1636 ab
902 1618 968 1644 tergo

107 1649 278 1679 aggrederetur.
290 1649 320 1679 cf.
334 1655 373 1680 35,
386 1656 424 1678 30.

141 1688 184 1703 nos
196 1682 236 1704 hic
249 1688 363 1711 pecorum
376 1681 451 1704 rnodo
462 1688 502 1712 per
513 1681 605 1704 aestivos
617 1680 689 1703 saltus
701 1679 827 1708 deviasque
838 1678 910 1702 calles
925 1685 970 1701 ex-

78 1726 83 1728 v
108 1713 210 1736 ercitum
222 1714 345 1742 ducimus,
358 1721 398 1740 22,
415 1721 451 1743 14.

76 1745 262 1773 DEvocARE,
277 1754 303 1775 4,
317 1753 356 1775 39.
373 1747 403 1769 ab
423 1745 520 1769 tumulo
540 1745 592 1768 suos
613 1745 723 1772 devocat,
743 1748 767 1767 et
784 1744 810 1767 in
829 1744 906 1767 castra
921 1742 970 1774 Rp-

81 1789 87 1798 =
110 1784 183 1800 mana
194 1784 308 1809 penetrat.
320 1778 351 1810 ff.
365 1785 405 1808 33,
422 1779 458 1802 18.
906 1795 910 1798 .

498 1809 546 1838 G3
